%YAML 1.1
%TAG !u! tag:unity3d.com,2011:
--- !u!114 &114340500867371532
MonoBehaviour:
  m_ObjectHideFlags: 1
  m_CorrespondingSourceObject: {fileID: 0}
  m_PrefabInstance: {fileID: 0}
  m_PrefabAsset: {fileID: 0}
  m_GameObject: {fileID: 0}
  m_Enabled: 1
  m_EditorHideFlags: 0
  m_Script: {fileID: 11500000, guid: d01270efd3285ea4a9d6c555cb0a8027, type: 3}
  m_Name: VFXUI
  m_EditorClassIdentifier: 
  groupInfos:
  - title: New Group Node
    position:
      serializedVersion: 2
      x: 0
      y: 0
      width: 100
      height: 100
    contents: []
  stickyNoteInfos: []
  categories: []
  uiBounds:
    serializedVersion: 2
    x: 0
    y: -426
    width: 1366
    height: 2298
--- !u!114 &114350483966674976
MonoBehaviour:
  m_ObjectHideFlags: 1
  m_CorrespondingSourceObject: {fileID: 0}
  m_PrefabInstance: {fileID: 0}
  m_PrefabAsset: {fileID: 0}
  m_GameObject: {fileID: 0}
  m_Enabled: 1
  m_EditorHideFlags: 0
  m_Script: {fileID: 11500000, guid: 7d4c867f6b72b714dbb5fd1780afe208, type: 3}
  m_Name: Smoke
  m_EditorClassIdentifier: 
  m_UIIgnoredErrors: []
  m_Parent: {fileID: 0}
  m_Children:
  - {fileID: 8926484042661614555}
  - {fileID: 8926484042661614558}
  - {fileID: 8926484042661614583}
  - {fileID: 8926484042661614585}
  - {fileID: 8926484042661614633}
  - {fileID: 8926484042661614635}
  - {fileID: 8926484042661614719}
  - {fileID: 8926484042661614730}
  m_UIPosition: {x: 0, y: 0}
  m_UICollapsed: 1
  m_UISuperCollapsed: 0
  m_UIInfos: {fileID: 114340500867371532}
  m_ParameterInfo:
  - name: Tamanho
    path: Tamanho
    tooltip: 
    sheetType: m_Float
    realType: Single
    defaultValue:
      m_Type:
        m_SerializableType: System.Single, mscorlib, Version=4.0.0.0, Culture=neutral,
          PublicKeyToken=b77a5c561934e089
      m_SerializableObject: -0.18
    min: -Infinity
    max: Infinity
    enumValues: []
    descendantCount: 0
  - name: "Dist\xE2ncia"
    path: "Dist\xE2ncia"
    tooltip: 
    sheetType: m_Float
    realType: Single
    defaultValue:
      m_Type:
        m_SerializableType: System.Single, mscorlib, Version=4.0.0.0, Culture=neutral,
          PublicKeyToken=b77a5c561934e089
      m_SerializableObject: -5.63
    min: -Infinity
    max: Infinity
    enumValues: []
    descendantCount: 0
  - name: "For\xE7a"
    path: "For\xE7a"
    tooltip: 
    sheetType: m_Float
    realType: Single
    defaultValue:
      m_Type:
        m_SerializableType: System.Single, mscorlib, Version=4.0.0.0, Culture=neutral,
          PublicKeyToken=b77a5c561934e089
      m_SerializableObject: 10
    min: -Infinity
    max: Infinity
    enumValues: []
    descendantCount: 0
  - name: Particulas
    path: Particulas
    tooltip: 
    sheetType: m_Int
    realType: Int32
    defaultValue:
      m_Type:
        m_SerializableType: System.Int32, mscorlib, Version=4.0.0.0, Culture=neutral,
          PublicKeyToken=b77a5c561934e089
      m_SerializableObject: 400
    min: -Infinity
    max: Infinity
    enumValues: []
    descendantCount: 0
  m_ImportDependencies: []
  m_GraphVersion: 6
  m_ResourceVersion: 1
  m_saved: 1
  m_SubgraphDependencies: []
  m_CategoryPath: 
--- !u!2058629511 &8926484042661614527
VisualEffectResource:
  m_ObjectHideFlags: 0
  m_CorrespondingSourceObject: {fileID: 0}
  m_PrefabInstance: {fileID: 0}
  m_PrefabAsset: {fileID: 0}
  m_Name: Smoke
  m_Graph: {fileID: 114350483966674976}
  m_Infos:
    m_RendererSettings:
      motionVectorGenerationMode: 0
      shadowCastingMode: 0
      receiveShadows: 0
      reflectionProbeUsage: 0
      lightProbeUsage: 0
    m_CullingFlags: 3
    m_UpdateMode: 0
    m_PreWarmDeltaTime: 0.05
    m_PreWarmStepCount: 0
    m_InitialEventName: OnPlay
--- !u!114 &8926484042661614555
MonoBehaviour:
  m_ObjectHideFlags: 0
  m_CorrespondingSourceObject: {fileID: 0}
  m_PrefabInstance: {fileID: 0}
  m_PrefabAsset: {fileID: 0}
  m_GameObject: {fileID: 0}
  m_Enabled: 1
  m_EditorHideFlags: 0
  m_Script: {fileID: 11500000, guid: 73a13919d81fb7444849bae8b5c812a2, type: 3}
  m_Name: 
  m_EditorClassIdentifier: 
  m_UIIgnoredErrors: []
  m_Parent: {fileID: 114350483966674976}
  m_Children:
  - {fileID: 8926484042661614556}
  m_UIPosition: {x: 942, y: -426}
  m_UICollapsed: 0
  m_UISuperCollapsed: 0
  m_InputSlots: []
  m_OutputSlots: []
  m_Label: Spawn system
  m_Data: {fileID: 8926484042661614595}
  m_InputFlowSlot:
  - link: []
  - link: []
  m_OutputFlowSlot:
  - link:
    - context: {fileID: 8926484042661614558}
      slotIndex: 0
  loopDuration: 0
  loopCount: 0
  delayBeforeLoop: 0
  delayAfterLoop: 0
--- !u!114 &8926484042661614556
MonoBehaviour:
  m_ObjectHideFlags: 0
  m_CorrespondingSourceObject: {fileID: 0}
  m_PrefabInstance: {fileID: 0}
  m_PrefabAsset: {fileID: 0}
  m_GameObject: {fileID: 0}
  m_Enabled: 1
  m_EditorHideFlags: 0
  m_Script: {fileID: 11500000, guid: f05c6884b705ce14d82ae720f0ec209f, type: 3}
  m_Name: 
  m_EditorClassIdentifier: 
  m_UIIgnoredErrors: []
  m_Parent: {fileID: 8926484042661614555}
  m_Children: []
  m_UIPosition: {x: 233.38269, y: 57.572144}
  m_UICollapsed: 0
  m_UISuperCollapsed: 0
  m_InputSlots:
  - {fileID: 8926484042661614557}
  m_OutputSlots: []
  m_Disabled: 0
--- !u!114 &8926484042661614557
MonoBehaviour:
  m_ObjectHideFlags: 0
  m_CorrespondingSourceObject: {fileID: 0}
  m_PrefabInstance: {fileID: 0}
  m_PrefabAsset: {fileID: 0}
  m_GameObject: {fileID: 0}
  m_Enabled: 1
  m_EditorHideFlags: 0
  m_Script: {fileID: 11500000, guid: f780aa281814f9842a7c076d436932e7, type: 3}
  m_Name: 
  m_EditorClassIdentifier: 
  m_UIIgnoredErrors: []
  m_Parent: {fileID: 0}
  m_Children: []
  m_UIPosition: {x: 0, y: 0}
  m_UICollapsed: 1
  m_UISuperCollapsed: 0
  m_MasterSlot: {fileID: 8926484042661614557}
  m_MasterData:
    m_Owner: {fileID: 8926484042661614556}
    m_Value:
      m_Type:
        m_SerializableType: System.Single, mscorlib, Version=4.0.0.0, Culture=neutral,
          PublicKeyToken=b77a5c561934e089
      m_SerializableObject: 400
    m_Space: 2147483647
  m_Property:
    name: Rate
    m_serializedType:
      m_SerializableType: System.Single, mscorlib, Version=4.0.0.0, Culture=neutral,
        PublicKeyToken=b77a5c561934e089
  m_Direction: 0
  m_LinkedSlots:
  - {fileID: 8926484042661614731}
--- !u!114 &8926484042661614558
MonoBehaviour:
  m_ObjectHideFlags: 0
  m_CorrespondingSourceObject: {fileID: 0}
  m_PrefabInstance: {fileID: 0}
  m_PrefabAsset: {fileID: 0}
  m_GameObject: {fileID: 0}
  m_Enabled: 1
  m_EditorHideFlags: 0
  m_Script: {fileID: 11500000, guid: 9dfea48843f53fc438eabc12a3a30abc, type: 3}
  m_Name: 
  m_EditorClassIdentifier: 
  m_UIIgnoredErrors: []
  m_Parent: {fileID: 114350483966674976}
  m_Children:
  - {fileID: 8926484042661614580}
  - {fileID: 8926484042661614596}
  - {fileID: 8926484042661614611}
  m_UIPosition: {x: 942, y: -79}
  m_UICollapsed: 0
  m_UISuperCollapsed: 0
  m_InputSlots:
  - {fileID: 8926484042661614559}
  m_OutputSlots: []
  m_Label: 
  m_Data: {fileID: 8926484042661614568}
  m_InputFlowSlot:
  - link:
    - context: {fileID: 8926484042661614555}
      slotIndex: 0
  m_OutputFlowSlot:
  - link:
    - context: {fileID: 8926484042661614583}
      slotIndex: 0
--- !u!114 &8926484042661614559
MonoBehaviour:
  m_ObjectHideFlags: 0
  m_CorrespondingSourceObject: {fileID: 0}
  m_PrefabInstance: {fileID: 0}
  m_PrefabAsset: {fileID: 0}
  m_GameObject: {fileID: 0}
  m_Enabled: 1
  m_EditorHideFlags: 0
  m_Script: {fileID: 11500000, guid: 1b605c022ee79394a8a776c0869b3f9a, type: 3}
  m_Name: 
  m_EditorClassIdentifier: 
  m_UIIgnoredErrors: []
  m_Parent: {fileID: 0}
  m_Children:
  - {fileID: 8926484042661614560}
  - {fileID: 8926484042661614564}
  m_UIPosition: {x: 0, y: 0}
  m_UICollapsed: 1
  m_UISuperCollapsed: 0
  m_MasterSlot: {fileID: 8926484042661614559}
  m_MasterData:
    m_Owner: {fileID: 8926484042661614558}
    m_Value:
      m_Type:
        m_SerializableType: UnityEditor.VFX.AABox, Unity.VisualEffectGraph.Editor,
          Version=0.0.0.0, Culture=neutral, PublicKeyToken=null
      m_SerializableObject: '{"center":{"x":0.0,"y":1.0,"z":0.0},"size":{"x":2.0,"y":3.0,"z":2.0}}'
    m_Space: 0
  m_Property:
    name: bounds
    m_serializedType:
      m_SerializableType: UnityEditor.VFX.AABox, Unity.VisualEffectGraph.Editor,
        Version=0.0.0.0, Culture=neutral, PublicKeyToken=null
  m_Direction: 0
  m_LinkedSlots: []
--- !u!114 &8926484042661614560
MonoBehaviour:
  m_ObjectHideFlags: 0
  m_CorrespondingSourceObject: {fileID: 0}
  m_PrefabInstance: {fileID: 0}
  m_PrefabAsset: {fileID: 0}
  m_GameObject: {fileID: 0}
  m_Enabled: 1
  m_EditorHideFlags: 0
  m_Script: {fileID: 11500000, guid: ac39bd03fca81b849929b9c966f1836a, type: 3}
  m_Name: 
  m_EditorClassIdentifier: 
  m_UIIgnoredErrors: []
  m_Parent: {fileID: 8926484042661614559}
  m_Children:
  - {fileID: 8926484042661614561}
  - {fileID: 8926484042661614562}
  - {fileID: 8926484042661614563}
  m_UIPosition: {x: 0, y: 0}
  m_UICollapsed: 1
  m_UISuperCollapsed: 0
  m_MasterSlot: {fileID: 8926484042661614559}
  m_MasterData:
    m_Owner: {fileID: 0}
    m_Value:
      m_Type:
        m_SerializableType: 
      m_SerializableObject: 
    m_Space: 2147483647
  m_Property:
    name: center
    m_serializedType:
      m_SerializableType: UnityEngine.Vector3, UnityEngine.CoreModule, Version=0.0.0.0,
        Culture=neutral, PublicKeyToken=null
  m_Direction: 0
  m_LinkedSlots: []
--- !u!114 &8926484042661614561
MonoBehaviour:
  m_ObjectHideFlags: 0
  m_CorrespondingSourceObject: {fileID: 0}
  m_PrefabInstance: {fileID: 0}
  m_PrefabAsset: {fileID: 0}
  m_GameObject: {fileID: 0}
  m_Enabled: 1
  m_EditorHideFlags: 0
  m_Script: {fileID: 11500000, guid: f780aa281814f9842a7c076d436932e7, type: 3}
  m_Name: 
  m_EditorClassIdentifier: 
  m_UIIgnoredErrors: []
  m_Parent: {fileID: 8926484042661614560}
  m_Children: []
  m_UIPosition: {x: 0, y: 0}
  m_UICollapsed: 1
  m_UISuperCollapsed: 0
  m_MasterSlot: {fileID: 8926484042661614559}
  m_MasterData:
    m_Owner: {fileID: 0}
    m_Value:
      m_Type:
        m_SerializableType: 
      m_SerializableObject: 
    m_Space: 2147483647
  m_Property:
    name: x
    m_serializedType:
      m_SerializableType: System.Single, mscorlib, Version=4.0.0.0, Culture=neutral,
        PublicKeyToken=b77a5c561934e089
  m_Direction: 0
  m_LinkedSlots: []
--- !u!114 &8926484042661614562
MonoBehaviour:
  m_ObjectHideFlags: 0
  m_CorrespondingSourceObject: {fileID: 0}
  m_PrefabInstance: {fileID: 0}
  m_PrefabAsset: {fileID: 0}
  m_GameObject: {fileID: 0}
  m_Enabled: 1
  m_EditorHideFlags: 0
  m_Script: {fileID: 11500000, guid: f780aa281814f9842a7c076d436932e7, type: 3}
  m_Name: 
  m_EditorClassIdentifier: 
  m_UIIgnoredErrors: []
  m_Parent: {fileID: 8926484042661614560}
  m_Children: []
  m_UIPosition: {x: 0, y: 0}
  m_UICollapsed: 1
  m_UISuperCollapsed: 0
  m_MasterSlot: {fileID: 8926484042661614559}
  m_MasterData:
    m_Owner: {fileID: 0}
    m_Value:
      m_Type:
        m_SerializableType: 
      m_SerializableObject: 
    m_Space: 2147483647
  m_Property:
    name: y
    m_serializedType:
      m_SerializableType: System.Single, mscorlib, Version=4.0.0.0, Culture=neutral,
        PublicKeyToken=b77a5c561934e089
  m_Direction: 0
  m_LinkedSlots: []
--- !u!114 &8926484042661614563
MonoBehaviour:
  m_ObjectHideFlags: 0
  m_CorrespondingSourceObject: {fileID: 0}
  m_PrefabInstance: {fileID: 0}
  m_PrefabAsset: {fileID: 0}
  m_GameObject: {fileID: 0}
  m_Enabled: 1
  m_EditorHideFlags: 0
  m_Script: {fileID: 11500000, guid: f780aa281814f9842a7c076d436932e7, type: 3}
  m_Name: 
  m_EditorClassIdentifier: 
  m_UIIgnoredErrors: []
  m_Parent: {fileID: 8926484042661614560}
  m_Children: []
  m_UIPosition: {x: 0, y: 0}
  m_UICollapsed: 1
  m_UISuperCollapsed: 0
  m_MasterSlot: {fileID: 8926484042661614559}
  m_MasterData:
    m_Owner: {fileID: 0}
    m_Value:
      m_Type:
        m_SerializableType: 
      m_SerializableObject: 
    m_Space: 2147483647
  m_Property:
    name: z
    m_serializedType:
      m_SerializableType: System.Single, mscorlib, Version=4.0.0.0, Culture=neutral,
        PublicKeyToken=b77a5c561934e089
  m_Direction: 0
  m_LinkedSlots: []
--- !u!114 &8926484042661614564
MonoBehaviour:
  m_ObjectHideFlags: 0
  m_CorrespondingSourceObject: {fileID: 0}
  m_PrefabInstance: {fileID: 0}
  m_PrefabAsset: {fileID: 0}
  m_GameObject: {fileID: 0}
  m_Enabled: 1
  m_EditorHideFlags: 0
  m_Script: {fileID: 11500000, guid: ac39bd03fca81b849929b9c966f1836a, type: 3}
  m_Name: 
  m_EditorClassIdentifier: 
  m_UIIgnoredErrors: []
  m_Parent: {fileID: 8926484042661614559}
  m_Children:
  - {fileID: 8926484042661614565}
  - {fileID: 8926484042661614566}
  - {fileID: 8926484042661614567}
  m_UIPosition: {x: 0, y: 0}
  m_UICollapsed: 1
  m_UISuperCollapsed: 0
  m_MasterSlot: {fileID: 8926484042661614559}
  m_MasterData:
    m_Owner: {fileID: 0}
    m_Value:
      m_Type:
        m_SerializableType: 
      m_SerializableObject: 
    m_Space: 2147483647
  m_Property:
    name: size
    m_serializedType:
      m_SerializableType: UnityEngine.Vector3, UnityEngine.CoreModule, Version=0.0.0.0,
        Culture=neutral, PublicKeyToken=null
  m_Direction: 0
  m_LinkedSlots: []
--- !u!114 &8926484042661614565
MonoBehaviour:
  m_ObjectHideFlags: 0
  m_CorrespondingSourceObject: {fileID: 0}
  m_PrefabInstance: {fileID: 0}
  m_PrefabAsset: {fileID: 0}
  m_GameObject: {fileID: 0}
  m_Enabled: 1
  m_EditorHideFlags: 0
  m_Script: {fileID: 11500000, guid: f780aa281814f9842a7c076d436932e7, type: 3}
  m_Name: 
  m_EditorClassIdentifier: 
  m_UIIgnoredErrors: []
  m_Parent: {fileID: 8926484042661614564}
  m_Children: []
  m_UIPosition: {x: 0, y: 0}
  m_UICollapsed: 1
  m_UISuperCollapsed: 0
  m_MasterSlot: {fileID: 8926484042661614559}
  m_MasterData:
    m_Owner: {fileID: 0}
    m_Value:
      m_Type:
        m_SerializableType: 
      m_SerializableObject: 
    m_Space: 2147483647
  m_Property:
    name: x
    m_serializedType:
      m_SerializableType: System.Single, mscorlib, Version=4.0.0.0, Culture=neutral,
        PublicKeyToken=b77a5c561934e089
  m_Direction: 0
  m_LinkedSlots: []
--- !u!114 &8926484042661614566
MonoBehaviour:
  m_ObjectHideFlags: 0
  m_CorrespondingSourceObject: {fileID: 0}
  m_PrefabInstance: {fileID: 0}
  m_PrefabAsset: {fileID: 0}
  m_GameObject: {fileID: 0}
  m_Enabled: 1
  m_EditorHideFlags: 0
  m_Script: {fileID: 11500000, guid: f780aa281814f9842a7c076d436932e7, type: 3}
  m_Name: 
  m_EditorClassIdentifier: 
  m_UIIgnoredErrors: []
  m_Parent: {fileID: 8926484042661614564}
  m_Children: []
  m_UIPosition: {x: 0, y: 0}
  m_UICollapsed: 1
  m_UISuperCollapsed: 0
  m_MasterSlot: {fileID: 8926484042661614559}
  m_MasterData:
    m_Owner: {fileID: 0}
    m_Value:
      m_Type:
        m_SerializableType: 
      m_SerializableObject: 
    m_Space: 2147483647
  m_Property:
    name: y
    m_serializedType:
      m_SerializableType: System.Single, mscorlib, Version=4.0.0.0, Culture=neutral,
        PublicKeyToken=b77a5c561934e089
  m_Direction: 0
  m_LinkedSlots: []
--- !u!114 &8926484042661614567
MonoBehaviour:
  m_ObjectHideFlags: 0
  m_CorrespondingSourceObject: {fileID: 0}
  m_PrefabInstance: {fileID: 0}
  m_PrefabAsset: {fileID: 0}
  m_GameObject: {fileID: 0}
  m_Enabled: 1
  m_EditorHideFlags: 0
  m_Script: {fileID: 11500000, guid: f780aa281814f9842a7c076d436932e7, type: 3}
  m_Name: 
  m_EditorClassIdentifier: 
  m_UIIgnoredErrors: []
  m_Parent: {fileID: 8926484042661614564}
  m_Children: []
  m_UIPosition: {x: 0, y: 0}
  m_UICollapsed: 1
  m_UISuperCollapsed: 0
  m_MasterSlot: {fileID: 8926484042661614559}
  m_MasterData:
    m_Owner: {fileID: 0}
    m_Value:
      m_Type:
        m_SerializableType: 
      m_SerializableObject: 
    m_Space: 2147483647
  m_Property:
    name: z
    m_serializedType:
      m_SerializableType: System.Single, mscorlib, Version=4.0.0.0, Culture=neutral,
        PublicKeyToken=b77a5c561934e089
  m_Direction: 0
  m_LinkedSlots: []
--- !u!114 &8926484042661614568
MonoBehaviour:
  m_ObjectHideFlags: 0
  m_CorrespondingSourceObject: {fileID: 0}
  m_PrefabInstance: {fileID: 0}
  m_PrefabAsset: {fileID: 0}
  m_GameObject: {fileID: 0}
  m_Enabled: 1
  m_EditorHideFlags: 0
  m_Script: {fileID: 11500000, guid: d78581a96eae8bf4398c282eb0b098bd, type: 3}
  m_Name: 
  m_EditorClassIdentifier: 
  m_UIIgnoredErrors: []
  m_Parent: {fileID: 114350483966674976}
  m_Children: []
  m_UIPosition: {x: 0, y: 0}
  m_UICollapsed: 1
  m_UISuperCollapsed: 0
  title: 
  m_Owners:
  - {fileID: 8926484042661614558}
  - {fileID: 8926484042661614583}
  - {fileID: 8926484042661614585}
  dataType: 0
  capacity: 10000
  stripCapacity: 16
  particlePerStripCount: 16
  m_Space: 1
--- !u!114 &8926484042661614580
MonoBehaviour:
  m_ObjectHideFlags: 0
  m_CorrespondingSourceObject: {fileID: 0}
  m_PrefabInstance: {fileID: 0}
  m_PrefabAsset: {fileID: 0}
  m_GameObject: {fileID: 0}
  m_Enabled: 1
  m_EditorHideFlags: 0
  m_Script: {fileID: 11500000, guid: a971fa2e110a0ac42ac1d8dae408704b, type: 3}
  m_Name: 
  m_EditorClassIdentifier: 
  m_UIIgnoredErrors: []
  m_Parent: {fileID: 8926484042661614558}
  m_Children: []
  m_UIPosition: {x: 233.38269, y: 57.572144}
  m_UICollapsed: 0
  m_UISuperCollapsed: 0
  m_InputSlots:
  - {fileID: 8926484042661614581}
  - {fileID: 8926484042661614582}
  m_OutputSlots: []
  m_Disabled: 0
  attribute: lifetime
  Composition: 0
  Source: 0
  Random: 2
  channels: 6
--- !u!114 &8926484042661614581
MonoBehaviour:
  m_ObjectHideFlags: 0
  m_CorrespondingSourceObject: {fileID: 0}
  m_PrefabInstance: {fileID: 0}
  m_PrefabAsset: {fileID: 0}
  m_GameObject: {fileID: 0}
  m_Enabled: 1
  m_EditorHideFlags: 0
  m_Script: {fileID: 11500000, guid: f780aa281814f9842a7c076d436932e7, type: 3}
  m_Name: 
  m_EditorClassIdentifier: 
  m_UIIgnoredErrors: []
  m_Parent: {fileID: 0}
  m_Children: []
  m_UIPosition: {x: 0, y: 0}
  m_UICollapsed: 1
  m_UISuperCollapsed: 0
  m_MasterSlot: {fileID: 8926484042661614581}
  m_MasterData:
    m_Owner: {fileID: 8926484042661614580}
    m_Value:
      m_Type:
        m_SerializableType: System.Single, mscorlib, Version=4.0.0.0, Culture=neutral,
          PublicKeyToken=b77a5c561934e089
      m_SerializableObject: 0.3
    m_Space: 2147483647
  m_Property:
    name: A
    m_serializedType:
      m_SerializableType: System.Single, mscorlib, Version=4.0.0.0, Culture=neutral,
        PublicKeyToken=b77a5c561934e089
  m_Direction: 0
  m_LinkedSlots: []
--- !u!114 &8926484042661614582
MonoBehaviour:
  m_ObjectHideFlags: 0
  m_CorrespondingSourceObject: {fileID: 0}
  m_PrefabInstance: {fileID: 0}
  m_PrefabAsset: {fileID: 0}
  m_GameObject: {fileID: 0}
  m_Enabled: 1
  m_EditorHideFlags: 0
  m_Script: {fileID: 11500000, guid: f780aa281814f9842a7c076d436932e7, type: 3}
  m_Name: 
  m_EditorClassIdentifier: 
  m_UIIgnoredErrors: []
  m_Parent: {fileID: 0}
  m_Children: []
  m_UIPosition: {x: 0, y: 0}
  m_UICollapsed: 1
  m_UISuperCollapsed: 0
  m_MasterSlot: {fileID: 8926484042661614582}
  m_MasterData:
    m_Owner: {fileID: 8926484042661614580}
    m_Value:
      m_Type:
        m_SerializableType: System.Single, mscorlib, Version=4.0.0.0, Culture=neutral,
          PublicKeyToken=b77a5c561934e089
      m_SerializableObject: 0.5
    m_Space: 2147483647
  m_Property:
    name: B
    m_serializedType:
      m_SerializableType: System.Single, mscorlib, Version=4.0.0.0, Culture=neutral,
        PublicKeyToken=b77a5c561934e089
  m_Direction: 0
  m_LinkedSlots: []
--- !u!114 &8926484042661614583
MonoBehaviour:
  m_ObjectHideFlags: 0
  m_CorrespondingSourceObject: {fileID: 0}
  m_PrefabInstance: {fileID: 0}
  m_PrefabAsset: {fileID: 0}
  m_GameObject: {fileID: 0}
  m_Enabled: 1
  m_EditorHideFlags: 0
  m_Script: {fileID: 11500000, guid: 2dc095764ededfa4bb32fa602511ea4b, type: 3}
  m_Name: 
  m_EditorClassIdentifier: 
  m_UIIgnoredErrors: []
  m_Parent: {fileID: 114350483966674976}
  m_Children:
  - {fileID: 8926484042661614713}
  - {fileID: 8926484042661614732}
  - {fileID: 8926484042661614777}
  m_UIPosition: {x: 942, y: 619}
  m_UICollapsed: 0
  m_UISuperCollapsed: 0
  m_InputSlots: []
  m_OutputSlots: []
  m_Label: 
  m_Data: {fileID: 8926484042661614568}
  m_InputFlowSlot:
  - link:
    - context: {fileID: 8926484042661614558}
      slotIndex: 0
  m_OutputFlowSlot:
  - link:
    - context: {fileID: 8926484042661614585}
      slotIndex: 0
  integration: 0
  angularIntegration: 0
  ageParticles: 1
  reapParticles: 1
  skipZeroDeltaUpdate: 0
--- !u!114 &8926484042661614585
MonoBehaviour:
  m_ObjectHideFlags: 0
  m_CorrespondingSourceObject: {fileID: 0}
  m_PrefabInstance: {fileID: 0}
  m_PrefabAsset: {fileID: 0}
  m_GameObject: {fileID: 0}
  m_Enabled: 1
  m_EditorHideFlags: 0
  m_Script: {fileID: 11500000, guid: a0b9e6b9139e58d4c957ec54595da7d3, type: 3}
  m_Name: 
  m_EditorClassIdentifier: 
  m_UIIgnoredErrors: []
  m_Parent: {fileID: 114350483966674976}
  m_Children:
  - {fileID: 8926484042661614710}
  - {fileID: 8926484042661614593}
  - {fileID: 8926484042661614623}
  m_UIPosition: {x: 942, y: 1323}
  m_UICollapsed: 0
  m_UISuperCollapsed: 0
  m_InputSlots:
  - {fileID: 8926484042661614776}
  - {fileID: 8926484042661614586}
  m_OutputSlots: []
  m_Label: 
  m_Data: {fileID: 8926484042661614568}
  m_InputFlowSlot:
  - link:
    - context: {fileID: 8926484042661614583}
      slotIndex: 0
  m_OutputFlowSlot:
  - link: []
  blendMode: 2
  useAlphaClipping: 0
  generateMotionVector: 0
  excludeFromTAA: 0
  m_SubOutputs:
  - {fileID: 8926484042661614590}
  cullMode: 0
  zWriteMode: 0
  zTestMode: 0
  colorMapping: 1
  uvMode: 0
  useSoftParticle: 0
  sortPriority: 0
  sort: 0
  indirectDraw: 0
  computeCulling: 0
  frustumCulling: 0
  castShadows: 0
  useExposureWeight: 0
  shaderGraph: {fileID: 0}
  primitiveType: 1
  useGeometryShader: 0
--- !u!114 &8926484042661614586
MonoBehaviour:
  m_ObjectHideFlags: 0
  m_CorrespondingSourceObject: {fileID: 0}
  m_PrefabInstance: {fileID: 0}
  m_PrefabAsset: {fileID: 0}
  m_GameObject: {fileID: 0}
  m_Enabled: 1
  m_EditorHideFlags: 0
  m_Script: {fileID: 11500000, guid: 70a331b1d86cc8d4aa106ccbe0da5852, type: 3}
  m_Name: 
  m_EditorClassIdentifier: 
  m_UIIgnoredErrors: []
  m_Parent: {fileID: 0}
  m_Children: []
  m_UIPosition: {x: 0, y: 0}
  m_UICollapsed: 1
  m_UISuperCollapsed: 0
  m_MasterSlot: {fileID: 8926484042661614586}
  m_MasterData:
    m_Owner: {fileID: 8926484042661614585}
    m_Value:
      m_Type:
        m_SerializableType: UnityEngine.Texture2D, UnityEngine.CoreModule, Version=0.0.0.0,
          Culture=neutral, PublicKeyToken=null
      m_SerializableObject: '{"obj":{"fileID":2800000,"guid":"d4cc75d99f7301e469c4391abc738296","type":3}}'
    m_Space: 2147483647
  m_Property:
    name: mainTexture
    m_serializedType:
      m_SerializableType: UnityEngine.Texture2D, UnityEngine.CoreModule, Version=0.0.0.0,
        Culture=neutral, PublicKeyToken=null
  m_Direction: 0
  m_LinkedSlots: []
--- !u!114 &8926484042661614590
MonoBehaviour:
  m_ObjectHideFlags: 0
  m_CorrespondingSourceObject: {fileID: 0}
  m_PrefabInstance: {fileID: 0}
  m_PrefabAsset: {fileID: 0}
  m_GameObject: {fileID: 0}
  m_Enabled: 1
  m_EditorHideFlags: 0
  m_Script: {fileID: 11500000, guid: 081ffb0090424ba4cb05370a42ead6b9, type: 3}
  m_Name: 
  m_EditorClassIdentifier: 
--- !u!114 &8926484042661614593
MonoBehaviour:
  m_ObjectHideFlags: 0
  m_CorrespondingSourceObject: {fileID: 0}
  m_PrefabInstance: {fileID: 0}
  m_PrefabAsset: {fileID: 0}
  m_GameObject: {fileID: 0}
  m_Enabled: 1
  m_EditorHideFlags: 0
  m_Script: {fileID: 11500000, guid: 01ec2c1930009b04ea08905b47262415, type: 3}
  m_Name: 
  m_EditorClassIdentifier: 
  m_UIIgnoredErrors: []
  m_Parent: {fileID: 8926484042661614585}
  m_Children: []
  m_UIPosition: {x: 233.38269, y: 57.572144}
  m_UICollapsed: 0
  m_UISuperCollapsed: 0
  m_InputSlots:
  - {fileID: 8926484042661614594}
  m_OutputSlots: []
  m_Disabled: 0
  attribute: color
  Composition: 0
  AlphaComposition: 0
  SampleMode: 0
  Mode: 1
  ColorMode: 3
  channels: 6
--- !u!114 &8926484042661614594
MonoBehaviour:
  m_ObjectHideFlags: 0
  m_CorrespondingSourceObject: {fileID: 0}
  m_PrefabInstance: {fileID: 0}
  m_PrefabAsset: {fileID: 0}
  m_GameObject: {fileID: 0}
  m_Enabled: 1
  m_EditorHideFlags: 0
  m_Script: {fileID: 11500000, guid: 76f778ff57c4e8145b9681fe3268d8e9, type: 3}
  m_Name: 
  m_EditorClassIdentifier: 
  m_UIIgnoredErrors: []
  m_Parent: {fileID: 0}
  m_Children: []
  m_UIPosition: {x: 0, y: 0}
  m_UICollapsed: 1
  m_UISuperCollapsed: 0
  m_MasterSlot: {fileID: 8926484042661614594}
  m_MasterData:
    m_Owner: {fileID: 8926484042661614593}
    m_Value:
      m_Type:
        m_SerializableType: UnityEngine.Gradient, UnityEngine.CoreModule, Version=0.0.0.0,
          Culture=neutral, PublicKeyToken=null
      m_SerializableObject: '{"colorKeys":[{"color":{"r":0.0,"g":0.0,"b":0.0,"a":1.0},"time":0.0},{"color":{"r":0.2641509473323822,"g":0.2205411195755005,"b":0.2205411195755005,"a":1.0},"time":1.0}],"alphaKeys":[{"alpha":0.07058823853731156,"time":0.1764705926179886},{"alpha":1.0,"time":0.8588235378265381},{"alpha":0.0,"time":0.9882352948188782}],"gradientMode":0}'
    m_Space: 2147483647
  m_Property:
    name: Color
    m_serializedType:
      m_SerializableType: UnityEngine.Gradient, UnityEngine.CoreModule, Version=0.0.0.0,
        Culture=neutral, PublicKeyToken=null
  m_Direction: 0
  m_LinkedSlots: []
--- !u!114 &8926484042661614595
MonoBehaviour:
  m_ObjectHideFlags: 0
  m_CorrespondingSourceObject: {fileID: 0}
  m_PrefabInstance: {fileID: 0}
  m_PrefabAsset: {fileID: 0}
  m_GameObject: {fileID: 0}
  m_Enabled: 1
  m_EditorHideFlags: 0
  m_Script: {fileID: 11500000, guid: f68759077adc0b143b6e1c101e82065e, type: 3}
  m_Name: 
  m_EditorClassIdentifier: 
  m_UIIgnoredErrors: []
  m_Parent: {fileID: 114350483966674976}
  m_Children: []
  m_UIPosition: {x: 0, y: 0}
  m_UICollapsed: 1
  m_UISuperCollapsed: 0
  title: 
  m_Owners:
  - {fileID: 8926484042661614555}
--- !u!114 &8926484042661614596
MonoBehaviour:
  m_ObjectHideFlags: 0
  m_CorrespondingSourceObject: {fileID: 0}
  m_PrefabInstance: {fileID: 0}
  m_PrefabAsset: {fileID: 0}
  m_GameObject: {fileID: 0}
  m_Enabled: 1
  m_EditorHideFlags: 0
  m_Script: {fileID: 11500000, guid: a971fa2e110a0ac42ac1d8dae408704b, type: 3}
  m_Name: 
  m_EditorClassIdentifier: 
  m_UIIgnoredErrors: []
  m_Parent: {fileID: 8926484042661614558}
  m_Children: []
  m_UIPosition: {x: 0, y: 0}
  m_UICollapsed: 0
  m_UISuperCollapsed: 0
  m_InputSlots:
  - {fileID: 8926484042661614609}
  - {fileID: 8926484042661614610}
  m_OutputSlots: []
  m_Disabled: 0
  attribute: angle
  Composition: 1
  Source: 0
  Random: 1
  channels: 2
--- !u!114 &8926484042661614609
MonoBehaviour:
  m_ObjectHideFlags: 0
  m_CorrespondingSourceObject: {fileID: 0}
  m_PrefabInstance: {fileID: 0}
  m_PrefabAsset: {fileID: 0}
  m_GameObject: {fileID: 0}
  m_Enabled: 1
  m_EditorHideFlags: 0
  m_Script: {fileID: 11500000, guid: f780aa281814f9842a7c076d436932e7, type: 3}
  m_Name: 
  m_EditorClassIdentifier: 
  m_UIIgnoredErrors: []
  m_Parent: {fileID: 0}
  m_Children: []
  m_UIPosition: {x: 0, y: 0}
  m_UICollapsed: 1
  m_UISuperCollapsed: 0
  m_MasterSlot: {fileID: 8926484042661614609}
  m_MasterData:
    m_Owner: {fileID: 8926484042661614596}
    m_Value:
      m_Type:
        m_SerializableType: System.Single, mscorlib, Version=4.0.0.0, Culture=neutral,
          PublicKeyToken=b77a5c561934e089
      m_SerializableObject: 0
    m_Space: 2147483647
  m_Property:
    name: A
    m_serializedType:
      m_SerializableType: System.Single, mscorlib, Version=4.0.0.0, Culture=neutral,
        PublicKeyToken=b77a5c561934e089
  m_Direction: 0
  m_LinkedSlots: []
--- !u!114 &8926484042661614610
MonoBehaviour:
  m_ObjectHideFlags: 0
  m_CorrespondingSourceObject: {fileID: 0}
  m_PrefabInstance: {fileID: 0}
  m_PrefabAsset: {fileID: 0}
  m_GameObject: {fileID: 0}
  m_Enabled: 1
  m_EditorHideFlags: 0
  m_Script: {fileID: 11500000, guid: f780aa281814f9842a7c076d436932e7, type: 3}
  m_Name: 
  m_EditorClassIdentifier: 
  m_UIIgnoredErrors: []
  m_Parent: {fileID: 0}
  m_Children: []
  m_UIPosition: {x: 0, y: 0}
  m_UICollapsed: 1
  m_UISuperCollapsed: 0
  m_MasterSlot: {fileID: 8926484042661614610}
  m_MasterData:
    m_Owner: {fileID: 8926484042661614596}
    m_Value:
      m_Type:
        m_SerializableType: System.Single, mscorlib, Version=4.0.0.0, Culture=neutral,
          PublicKeyToken=b77a5c561934e089
      m_SerializableObject: 360
    m_Space: 2147483647
  m_Property:
    name: B
    m_serializedType:
      m_SerializableType: System.Single, mscorlib, Version=4.0.0.0, Culture=neutral,
        PublicKeyToken=b77a5c561934e089
  m_Direction: 0
  m_LinkedSlots: []
--- !u!114 &8926484042661614611
MonoBehaviour:
  m_ObjectHideFlags: 0
  m_CorrespondingSourceObject: {fileID: 0}
  m_PrefabInstance: {fileID: 0}
  m_PrefabAsset: {fileID: 0}
  m_GameObject: {fileID: 0}
  m_Enabled: 1
  m_EditorHideFlags: 0
  m_Script: {fileID: 11500000, guid: a62d0a0d1ca34bc4589538e8cd1996b0, type: 3}
  m_Name: 
  m_EditorClassIdentifier: 
  m_UIIgnoredErrors: []
  m_Parent: {fileID: 8926484042661614558}
  m_Children: []
  m_UIPosition: {x: 0, y: 0}
  m_UICollapsed: 0
  m_UISuperCollapsed: 0
  m_InputSlots:
  - {fileID: 8926484042661614612}
  m_OutputSlots: []
  m_Disabled: 0
  compositionPosition: 0
  compositionDirection: 0
  positionMode: 1
  spawnMode: 0
  heightMode: 0
--- !u!114 &8926484042661614612
MonoBehaviour:
  m_ObjectHideFlags: 0
  m_CorrespondingSourceObject: {fileID: 0}
  m_PrefabInstance: {fileID: 0}
  m_PrefabAsset: {fileID: 0}
  m_GameObject: {fileID: 0}
  m_Enabled: 1
  m_EditorHideFlags: 0
  m_Script: {fileID: 11500000, guid: 1b605c022ee79394a8a776c0869b3f9a, type: 3}
  m_Name: 
  m_EditorClassIdentifier: 
  m_UIIgnoredErrors: []
  m_Parent: {fileID: 0}
  m_Children:
  - {fileID: 8926484042661614613}
  - {fileID: 8926484042661614617}
  - {fileID: 8926484042661614618}
  - {fileID: 8926484042661614619}
  - {fileID: 8926484042661614620}
  m_UIPosition: {x: 0, y: 0}
  m_UICollapsed: 0
  m_UISuperCollapsed: 0
  m_MasterSlot: {fileID: 8926484042661614612}
  m_MasterData:
    m_Owner: {fileID: 8926484042661614611}
    m_Value:
      m_Type:
        m_SerializableType: UnityEditor.VFX.ArcCone, Unity.VisualEffectGraph.Editor,
          Version=0.0.0.0, Culture=neutral, PublicKeyToken=null
      m_SerializableObject: '{"center":{"x":0.0,"y":0.0,"z":0.0},"radius0":0.0,"radius1":0.0,"height":0.6000000238418579,"arc":6.28000020980835}'
    m_Space: 0
  m_Property:
    name: ArcCone
    m_serializedType:
      m_SerializableType: UnityEditor.VFX.ArcCone, Unity.VisualEffectGraph.Editor,
        Version=0.0.0.0, Culture=neutral, PublicKeyToken=null
  m_Direction: 0
  m_LinkedSlots: []
--- !u!114 &8926484042661614613
MonoBehaviour:
  m_ObjectHideFlags: 0
  m_CorrespondingSourceObject: {fileID: 0}
  m_PrefabInstance: {fileID: 0}
  m_PrefabAsset: {fileID: 0}
  m_GameObject: {fileID: 0}
  m_Enabled: 1
  m_EditorHideFlags: 0
  m_Script: {fileID: 11500000, guid: ac39bd03fca81b849929b9c966f1836a, type: 3}
  m_Name: 
  m_EditorClassIdentifier: 
  m_UIIgnoredErrors: []
  m_Parent: {fileID: 8926484042661614612}
  m_Children:
  - {fileID: 8926484042661614614}
  - {fileID: 8926484042661614615}
  - {fileID: 8926484042661614616}
  m_UIPosition: {x: 0, y: 0}
  m_UICollapsed: 1
  m_UISuperCollapsed: 0
  m_MasterSlot: {fileID: 8926484042661614612}
  m_MasterData:
    m_Owner: {fileID: 0}
    m_Value:
      m_Type:
        m_SerializableType: 
      m_SerializableObject: 
    m_Space: 2147483647
  m_Property:
    name: center
    m_serializedType:
      m_SerializableType: UnityEngine.Vector3, UnityEngine.CoreModule, Version=0.0.0.0,
        Culture=neutral, PublicKeyToken=null
  m_Direction: 0
  m_LinkedSlots: []
--- !u!114 &8926484042661614614
MonoBehaviour:
  m_ObjectHideFlags: 0
  m_CorrespondingSourceObject: {fileID: 0}
  m_PrefabInstance: {fileID: 0}
  m_PrefabAsset: {fileID: 0}
  m_GameObject: {fileID: 0}
  m_Enabled: 1
  m_EditorHideFlags: 0
  m_Script: {fileID: 11500000, guid: f780aa281814f9842a7c076d436932e7, type: 3}
  m_Name: 
  m_EditorClassIdentifier: 
  m_UIIgnoredErrors: []
  m_Parent: {fileID: 8926484042661614613}
  m_Children: []
  m_UIPosition: {x: 0, y: 0}
  m_UICollapsed: 1
  m_UISuperCollapsed: 0
  m_MasterSlot: {fileID: 8926484042661614612}
  m_MasterData:
    m_Owner: {fileID: 0}
    m_Value:
      m_Type:
        m_SerializableType: 
      m_SerializableObject: 
    m_Space: 2147483647
  m_Property:
    name: x
    m_serializedType:
      m_SerializableType: System.Single, mscorlib, Version=4.0.0.0, Culture=neutral,
        PublicKeyToken=b77a5c561934e089
  m_Direction: 0
  m_LinkedSlots: []
--- !u!114 &8926484042661614615
MonoBehaviour:
  m_ObjectHideFlags: 0
  m_CorrespondingSourceObject: {fileID: 0}
  m_PrefabInstance: {fileID: 0}
  m_PrefabAsset: {fileID: 0}
  m_GameObject: {fileID: 0}
  m_Enabled: 1
  m_EditorHideFlags: 0
  m_Script: {fileID: 11500000, guid: f780aa281814f9842a7c076d436932e7, type: 3}
  m_Name: 
  m_EditorClassIdentifier: 
  m_UIIgnoredErrors: []
  m_Parent: {fileID: 8926484042661614613}
  m_Children: []
  m_UIPosition: {x: 0, y: 0}
  m_UICollapsed: 1
  m_UISuperCollapsed: 0
  m_MasterSlot: {fileID: 8926484042661614612}
  m_MasterData:
    m_Owner: {fileID: 0}
    m_Value:
      m_Type:
        m_SerializableType: 
      m_SerializableObject: 
    m_Space: 2147483647
  m_Property:
    name: y
    m_serializedType:
      m_SerializableType: System.Single, mscorlib, Version=4.0.0.0, Culture=neutral,
        PublicKeyToken=b77a5c561934e089
  m_Direction: 0
  m_LinkedSlots: []
--- !u!114 &8926484042661614616
MonoBehaviour:
  m_ObjectHideFlags: 0
  m_CorrespondingSourceObject: {fileID: 0}
  m_PrefabInstance: {fileID: 0}
  m_PrefabAsset: {fileID: 0}
  m_GameObject: {fileID: 0}
  m_Enabled: 1
  m_EditorHideFlags: 0
  m_Script: {fileID: 11500000, guid: f780aa281814f9842a7c076d436932e7, type: 3}
  m_Name: 
  m_EditorClassIdentifier: 
  m_UIIgnoredErrors: []
  m_Parent: {fileID: 8926484042661614613}
  m_Children: []
  m_UIPosition: {x: 0, y: 0}
  m_UICollapsed: 1
  m_UISuperCollapsed: 0
  m_MasterSlot: {fileID: 8926484042661614612}
  m_MasterData:
    m_Owner: {fileID: 0}
    m_Value:
      m_Type:
        m_SerializableType: 
      m_SerializableObject: 
    m_Space: 2147483647
  m_Property:
    name: z
    m_serializedType:
      m_SerializableType: System.Single, mscorlib, Version=4.0.0.0, Culture=neutral,
        PublicKeyToken=b77a5c561934e089
  m_Direction: 0
  m_LinkedSlots: []
--- !u!114 &8926484042661614617
MonoBehaviour:
  m_ObjectHideFlags: 0
  m_CorrespondingSourceObject: {fileID: 0}
  m_PrefabInstance: {fileID: 0}
  m_PrefabAsset: {fileID: 0}
  m_GameObject: {fileID: 0}
  m_Enabled: 1
  m_EditorHideFlags: 0
  m_Script: {fileID: 11500000, guid: f780aa281814f9842a7c076d436932e7, type: 3}
  m_Name: 
  m_EditorClassIdentifier: 
  m_UIIgnoredErrors: []
  m_Parent: {fileID: 8926484042661614612}
  m_Children: []
  m_UIPosition: {x: 0, y: 0}
  m_UICollapsed: 1
  m_UISuperCollapsed: 0
  m_MasterSlot: {fileID: 8926484042661614612}
  m_MasterData:
    m_Owner: {fileID: 0}
    m_Value:
      m_Type:
        m_SerializableType: 
      m_SerializableObject: 
    m_Space: 2147483647
  m_Property:
    name: radius0
    m_serializedType:
      m_SerializableType: System.Single, mscorlib, Version=4.0.0.0, Culture=neutral,
        PublicKeyToken=b77a5c561934e089
  m_Direction: 0
  m_LinkedSlots: []
--- !u!114 &8926484042661614618
MonoBehaviour:
  m_ObjectHideFlags: 0
  m_CorrespondingSourceObject: {fileID: 0}
  m_PrefabInstance: {fileID: 0}
  m_PrefabAsset: {fileID: 0}
  m_GameObject: {fileID: 0}
  m_Enabled: 1
  m_EditorHideFlags: 0
  m_Script: {fileID: 11500000, guid: f780aa281814f9842a7c076d436932e7, type: 3}
  m_Name: 
  m_EditorClassIdentifier: 
  m_UIIgnoredErrors: []
  m_Parent: {fileID: 8926484042661614612}
  m_Children: []
  m_UIPosition: {x: 0, y: 0}
  m_UICollapsed: 1
  m_UISuperCollapsed: 0
  m_MasterSlot: {fileID: 8926484042661614612}
  m_MasterData:
    m_Owner: {fileID: 0}
    m_Value:
      m_Type:
        m_SerializableType: 
      m_SerializableObject: 
    m_Space: 2147483647
  m_Property:
    name: radius1
    m_serializedType:
      m_SerializableType: System.Single, mscorlib, Version=4.0.0.0, Culture=neutral,
        PublicKeyToken=b77a5c561934e089
  m_Direction: 0
  m_LinkedSlots: []
--- !u!114 &8926484042661614619
MonoBehaviour:
  m_ObjectHideFlags: 0
  m_CorrespondingSourceObject: {fileID: 0}
  m_PrefabInstance: {fileID: 0}
  m_PrefabAsset: {fileID: 0}
  m_GameObject: {fileID: 0}
  m_Enabled: 1
  m_EditorHideFlags: 0
  m_Script: {fileID: 11500000, guid: f780aa281814f9842a7c076d436932e7, type: 3}
  m_Name: 
  m_EditorClassIdentifier: 
  m_UIIgnoredErrors: []
  m_Parent: {fileID: 8926484042661614612}
  m_Children: []
  m_UIPosition: {x: 0, y: 0}
  m_UICollapsed: 1
  m_UISuperCollapsed: 0
  m_MasterSlot: {fileID: 8926484042661614612}
  m_MasterData:
    m_Owner: {fileID: 0}
    m_Value:
      m_Type:
        m_SerializableType: 
      m_SerializableObject: 
    m_Space: 2147483647
  m_Property:
    name: height
    m_serializedType:
      m_SerializableType: System.Single, mscorlib, Version=4.0.0.0, Culture=neutral,
        PublicKeyToken=b77a5c561934e089
  m_Direction: 0
  m_LinkedSlots:
  - {fileID: 8926484042661614636}
--- !u!114 &8926484042661614620
MonoBehaviour:
  m_ObjectHideFlags: 0
  m_CorrespondingSourceObject: {fileID: 0}
  m_PrefabInstance: {fileID: 0}
  m_PrefabAsset: {fileID: 0}
  m_GameObject: {fileID: 0}
  m_Enabled: 1
  m_EditorHideFlags: 0
  m_Script: {fileID: 11500000, guid: f780aa281814f9842a7c076d436932e7, type: 3}
  m_Name: 
  m_EditorClassIdentifier: 
  m_UIIgnoredErrors: []
  m_Parent: {fileID: 8926484042661614612}
  m_Children: []
  m_UIPosition: {x: 0, y: 0}
  m_UICollapsed: 1
  m_UISuperCollapsed: 0
  m_MasterSlot: {fileID: 8926484042661614612}
  m_MasterData:
    m_Owner: {fileID: 0}
    m_Value:
      m_Type:
        m_SerializableType: 
      m_SerializableObject: 
    m_Space: 2147483647
  m_Property:
    name: arc
    m_serializedType:
      m_SerializableType: System.Single, mscorlib, Version=4.0.0.0, Culture=neutral,
        PublicKeyToken=b77a5c561934e089
  m_Direction: 0
  m_LinkedSlots: []
--- !u!114 &8926484042661614623
MonoBehaviour:
  m_ObjectHideFlags: 0
  m_CorrespondingSourceObject: {fileID: 0}
  m_PrefabInstance: {fileID: 0}
  m_PrefabAsset: {fileID: 0}
  m_GameObject: {fileID: 0}
  m_Enabled: 1
  m_EditorHideFlags: 0
  m_Script: {fileID: 11500000, guid: a971fa2e110a0ac42ac1d8dae408704b, type: 3}
  m_Name: 
  m_EditorClassIdentifier: 
  m_UIIgnoredErrors: []
  m_Parent: {fileID: 8926484042661614585}
  m_Children: []
  m_UIPosition: {x: 0, y: 0}
  m_UICollapsed: 0
  m_UISuperCollapsed: 0
  m_InputSlots:
  - {fileID: 8926484042661614624}
  m_OutputSlots: []
  m_Disabled: 0
  attribute: size
  Composition: 1
  Source: 0
  Random: 0
  channels: 6
--- !u!114 &8926484042661614624
MonoBehaviour:
  m_ObjectHideFlags: 0
  m_CorrespondingSourceObject: {fileID: 0}
  m_PrefabInstance: {fileID: 0}
  m_PrefabAsset: {fileID: 0}
  m_GameObject: {fileID: 0}
  m_Enabled: 1
  m_EditorHideFlags: 0
  m_Script: {fileID: 11500000, guid: f780aa281814f9842a7c076d436932e7, type: 3}
  m_Name: 
  m_EditorClassIdentifier: 
  m_UIIgnoredErrors: []
  m_Parent: {fileID: 0}
  m_Children: []
  m_UIPosition: {x: 0, y: 0}
  m_UICollapsed: 1
  m_UISuperCollapsed: 0
  m_MasterSlot: {fileID: 8926484042661614624}
  m_MasterData:
    m_Owner: {fileID: 8926484042661614623}
    m_Value:
      m_Type:
        m_SerializableType: System.Single, mscorlib, Version=4.0.0.0, Culture=neutral,
          PublicKeyToken=b77a5c561934e089
      m_SerializableObject: 0.1
    m_Space: 2147483647
  m_Property:
    name: Size
    m_serializedType:
      m_SerializableType: System.Single, mscorlib, Version=4.0.0.0, Culture=neutral,
        PublicKeyToken=b77a5c561934e089
  m_Direction: 0
  m_LinkedSlots:
  - {fileID: 8926484042661614634}
--- !u!114 &8926484042661614633
MonoBehaviour:
  m_ObjectHideFlags: 0
  m_CorrespondingSourceObject: {fileID: 0}
  m_PrefabInstance: {fileID: 0}
  m_PrefabAsset: {fileID: 0}
  m_GameObject: {fileID: 0}
  m_Enabled: 1
  m_EditorHideFlags: 0
  m_Script: {fileID: 11500000, guid: 330e0fca1717dde4aaa144f48232aa64, type: 3}
  m_Name: 
  m_EditorClassIdentifier: 
  m_UIIgnoredErrors: []
  m_Parent: {fileID: 114350483966674976}
  m_Children: []
  m_UIPosition: {x: 0, y: 0}
  m_UICollapsed: 0
  m_UISuperCollapsed: 0
  m_InputSlots: []
  m_OutputSlots:
  - {fileID: 8926484042661614634}
  m_ExposedName: Tamanho
  m_Exposed: 1
  m_Order: 0
  m_Category: 
  m_Min:
    m_Type:
      m_SerializableType: 
    m_SerializableObject: 
  m_Max:
    m_Type:
      m_SerializableType: 
    m_SerializableObject: 
  m_IsOutput: 0
  m_EnumValues: []
  m_ValueFilter: 0
  m_Tooltip: 
  m_Nodes:
  - m_Id: 0
    linkedSlots:
    - outputSlot: {fileID: 8926484042661614634}
      inputSlot: {fileID: 8926484042661614624}
    position: {x: 716, y: 1538}
    expandedSlots: []
    expanded: 1
--- !u!114 &8926484042661614634
MonoBehaviour:
  m_ObjectHideFlags: 0
  m_CorrespondingSourceObject: {fileID: 0}
  m_PrefabInstance: {fileID: 0}
  m_PrefabAsset: {fileID: 0}
  m_GameObject: {fileID: 0}
  m_Enabled: 1
  m_EditorHideFlags: 0
  m_Script: {fileID: 11500000, guid: f780aa281814f9842a7c076d436932e7, type: 3}
  m_Name: 
  m_EditorClassIdentifier: 
  m_UIIgnoredErrors: []
  m_Parent: {fileID: 0}
  m_Children: []
  m_UIPosition: {x: 0, y: 0}
  m_UICollapsed: 1
  m_UISuperCollapsed: 0
  m_MasterSlot: {fileID: 8926484042661614634}
  m_MasterData:
    m_Owner: {fileID: 8926484042661614633}
    m_Value:
      m_Type:
        m_SerializableType: System.Single, mscorlib, Version=4.0.0.0, Culture=neutral,
          PublicKeyToken=b77a5c561934e089
      m_SerializableObject: -0.18
    m_Space: 2147483647
  m_Property:
    name: o
    m_serializedType:
      m_SerializableType: System.Single, mscorlib, Version=4.0.0.0, Culture=neutral,
        PublicKeyToken=b77a5c561934e089
  m_Direction: 1
  m_LinkedSlots:
  - {fileID: 8926484042661614624}
--- !u!114 &8926484042661614635
MonoBehaviour:
  m_ObjectHideFlags: 0
  m_CorrespondingSourceObject: {fileID: 0}
  m_PrefabInstance: {fileID: 0}
  m_PrefabAsset: {fileID: 0}
  m_GameObject: {fileID: 0}
  m_Enabled: 1
  m_EditorHideFlags: 0
  m_Script: {fileID: 11500000, guid: 330e0fca1717dde4aaa144f48232aa64, type: 3}
  m_Name: 
  m_EditorClassIdentifier: 
  m_UIIgnoredErrors: []
  m_Parent: {fileID: 114350483966674976}
  m_Children: []
  m_UIPosition: {x: 0, y: 0}
  m_UICollapsed: 0
  m_UISuperCollapsed: 0
  m_InputSlots: []
  m_OutputSlots:
  - {fileID: 8926484042661614636}
  m_ExposedName: "Dist\xE2ncia"
  m_Exposed: 1
  m_Order: 1
  m_Category: 
  m_Min:
    m_Type:
      m_SerializableType: 
    m_SerializableObject: 
  m_Max:
    m_Type:
      m_SerializableType: 
    m_SerializableObject: 
  m_IsOutput: 0
  m_EnumValues: []
  m_ValueFilter: 0
  m_Tooltip: 
  m_Nodes:
  - m_Id: 0
    linkedSlots:
    - outputSlot: {fileID: 8926484042661614636}
      inputSlot: {fileID: 8926484042661614619}
    position: {x: 667, y: 539}
    expandedSlots: []
    expanded: 1
--- !u!114 &8926484042661614636
MonoBehaviour:
  m_ObjectHideFlags: 0
  m_CorrespondingSourceObject: {fileID: 0}
  m_PrefabInstance: {fileID: 0}
  m_PrefabAsset: {fileID: 0}
  m_GameObject: {fileID: 0}
  m_Enabled: 1
  m_EditorHideFlags: 0
  m_Script: {fileID: 11500000, guid: f780aa281814f9842a7c076d436932e7, type: 3}
  m_Name: 
  m_EditorClassIdentifier: 
  m_UIIgnoredErrors: []
  m_Parent: {fileID: 0}
  m_Children: []
  m_UIPosition: {x: 0, y: 0}
  m_UICollapsed: 1
  m_UISuperCollapsed: 0
  m_MasterSlot: {fileID: 8926484042661614636}
  m_MasterData:
    m_Owner: {fileID: 8926484042661614635}
    m_Value:
      m_Type:
        m_SerializableType: System.Single, mscorlib, Version=4.0.0.0, Culture=neutral,
          PublicKeyToken=b77a5c561934e089
      m_SerializableObject: -5.63
    m_Space: 2147483647
  m_Property:
    name: o
    m_serializedType:
      m_SerializableType: System.Single, mscorlib, Version=4.0.0.0, Culture=neutral,
        PublicKeyToken=b77a5c561934e089
  m_Direction: 1
  m_LinkedSlots:
  - {fileID: 8926484042661614619}
--- !u!114 &8926484042661614710
MonoBehaviour:
  m_ObjectHideFlags: 0
  m_CorrespondingSourceObject: {fileID: 0}
  m_PrefabInstance: {fileID: 0}
  m_PrefabAsset: {fileID: 0}
  m_GameObject: {fileID: 0}
  m_Enabled: 1
  m_EditorHideFlags: 0
  m_Script: {fileID: 11500000, guid: d16c6aeaef944094b9a1633041804207, type: 3}
  m_Name: 
  m_EditorClassIdentifier: 
  m_UIIgnoredErrors: []
  m_Parent: {fileID: 8926484042661614585}
  m_Children: []
  m_UIPosition: {x: 233.38269, y: 57.572144}
  m_UICollapsed: 0
  m_UISuperCollapsed: 0
  m_InputSlots: []
  m_OutputSlots: []
  m_Disabled: 0
  mode: 1
  axes: 4
--- !u!114 &8926484042661614713
MonoBehaviour:
  m_ObjectHideFlags: 0
  m_CorrespondingSourceObject: {fileID: 0}
  m_PrefabInstance: {fileID: 0}
  m_PrefabAsset: {fileID: 0}
  m_GameObject: {fileID: 0}
  m_Enabled: 1
  m_EditorHideFlags: 0
  m_Script: {fileID: 11500000, guid: e5dce54ae3368c042b26ab1f305e15b2, type: 3}
  m_Name: 
  m_EditorClassIdentifier: 
  m_UIIgnoredErrors: []
  m_Parent: {fileID: 8926484042661614583}
  m_Children: []
  m_UIPosition: {x: 0, y: 0}
  m_UICollapsed: 0
  m_UISuperCollapsed: 0
  m_InputSlots:
  - {fileID: 8926484042661614714}
  m_OutputSlots: []
  m_Disabled: 0
--- !u!114 &8926484042661614714
MonoBehaviour:
  m_ObjectHideFlags: 0
  m_CorrespondingSourceObject: {fileID: 0}
  m_PrefabInstance: {fileID: 0}
  m_PrefabAsset: {fileID: 0}
  m_GameObject: {fileID: 0}
  m_Enabled: 1
  m_EditorHideFlags: 0
  m_Script: {fileID: 11500000, guid: a9f9544b71b7dab44a4644b6807e8bf6, type: 3}
  m_Name: 
  m_EditorClassIdentifier: 
  m_UIIgnoredErrors: []
  m_Parent: {fileID: 0}
  m_Children:
  - {fileID: 8926484042661614715}
  m_UIPosition: {x: 0, y: 0}
  m_UICollapsed: 0
  m_UISuperCollapsed: 0
  m_MasterSlot: {fileID: 8926484042661614714}
  m_MasterData:
    m_Owner: {fileID: 8926484042661614713}
    m_Value:
      m_Type:
        m_SerializableType: UnityEditor.VFX.Vector, Unity.VisualEffectGraph.Editor,
          Version=0.0.0.0, Culture=neutral, PublicKeyToken=null
      m_SerializableObject: '{"vector":{"x":0.0,"y":1.0,"z":0.0}}'
    m_Space: 0
  m_Property:
    name: Force
    m_serializedType:
      m_SerializableType: UnityEditor.VFX.Vector, Unity.VisualEffectGraph.Editor,
        Version=0.0.0.0, Culture=neutral, PublicKeyToken=null
  m_Direction: 0
  m_LinkedSlots: []
--- !u!114 &8926484042661614715
MonoBehaviour:
  m_ObjectHideFlags: 0
  m_CorrespondingSourceObject: {fileID: 0}
  m_PrefabInstance: {fileID: 0}
  m_PrefabAsset: {fileID: 0}
  m_GameObject: {fileID: 0}
  m_Enabled: 1
  m_EditorHideFlags: 0
  m_Script: {fileID: 11500000, guid: ac39bd03fca81b849929b9c966f1836a, type: 3}
  m_Name: 
  m_EditorClassIdentifier: 
  m_UIIgnoredErrors: []
  m_Parent: {fileID: 8926484042661614714}
  m_Children:
  - {fileID: 8926484042661614716}
  - {fileID: 8926484042661614717}
  - {fileID: 8926484042661614718}
  m_UIPosition: {x: 0, y: 0}
  m_UICollapsed: 0
  m_UISuperCollapsed: 0
  m_MasterSlot: {fileID: 8926484042661614714}
  m_MasterData:
    m_Owner: {fileID: 0}
    m_Value:
      m_Type:
        m_SerializableType: 
      m_SerializableObject: 
    m_Space: 2147483647
  m_Property:
    name: vector
    m_serializedType:
      m_SerializableType: UnityEngine.Vector3, UnityEngine.CoreModule, Version=0.0.0.0,
        Culture=neutral, PublicKeyToken=null
  m_Direction: 0
  m_LinkedSlots: []
--- !u!114 &8926484042661614716
MonoBehaviour:
  m_ObjectHideFlags: 0
  m_CorrespondingSourceObject: {fileID: 0}
  m_PrefabInstance: {fileID: 0}
  m_PrefabAsset: {fileID: 0}
  m_GameObject: {fileID: 0}
  m_Enabled: 1
  m_EditorHideFlags: 0
  m_Script: {fileID: 11500000, guid: f780aa281814f9842a7c076d436932e7, type: 3}
  m_Name: 
  m_EditorClassIdentifier: 
  m_UIIgnoredErrors: []
  m_Parent: {fileID: 8926484042661614715}
  m_Children: []
  m_UIPosition: {x: 0, y: 0}
  m_UICollapsed: 1
  m_UISuperCollapsed: 0
  m_MasterSlot: {fileID: 8926484042661614714}
  m_MasterData:
    m_Owner: {fileID: 0}
    m_Value:
      m_Type:
        m_SerializableType: 
      m_SerializableObject: 
    m_Space: 2147483647
  m_Property:
    name: x
    m_serializedType:
      m_SerializableType: System.Single, mscorlib, Version=4.0.0.0, Culture=neutral,
        PublicKeyToken=b77a5c561934e089
  m_Direction: 0
  m_LinkedSlots: []
--- !u!114 &8926484042661614717
MonoBehaviour:
  m_ObjectHideFlags: 0
  m_CorrespondingSourceObject: {fileID: 0}
  m_PrefabInstance: {fileID: 0}
  m_PrefabAsset: {fileID: 0}
  m_GameObject: {fileID: 0}
  m_Enabled: 1
  m_EditorHideFlags: 0
  m_Script: {fileID: 11500000, guid: f780aa281814f9842a7c076d436932e7, type: 3}
  m_Name: 
  m_EditorClassIdentifier: 
  m_UIIgnoredErrors: []
  m_Parent: {fileID: 8926484042661614715}
  m_Children: []
  m_UIPosition: {x: 0, y: 0}
  m_UICollapsed: 1
  m_UISuperCollapsed: 0
  m_MasterSlot: {fileID: 8926484042661614714}
  m_MasterData:
    m_Owner: {fileID: 0}
    m_Value:
      m_Type:
        m_SerializableType: 
      m_SerializableObject: 
    m_Space: 2147483647
  m_Property:
    name: y
    m_serializedType:
      m_SerializableType: System.Single, mscorlib, Version=4.0.0.0, Culture=neutral,
        PublicKeyToken=b77a5c561934e089
  m_Direction: 0
  m_LinkedSlots:
  - {fileID: 8926484042661614720}
--- !u!114 &8926484042661614718
MonoBehaviour:
  m_ObjectHideFlags: 0
  m_CorrespondingSourceObject: {fileID: 0}
  m_PrefabInstance: {fileID: 0}
  m_PrefabAsset: {fileID: 0}
  m_GameObject: {fileID: 0}
  m_Enabled: 1
  m_EditorHideFlags: 0
  m_Script: {fileID: 11500000, guid: f780aa281814f9842a7c076d436932e7, type: 3}
  m_Name: 
  m_EditorClassIdentifier: 
  m_UIIgnoredErrors: []
  m_Parent: {fileID: 8926484042661614715}
  m_Children: []
  m_UIPosition: {x: 0, y: 0}
  m_UICollapsed: 1
  m_UISuperCollapsed: 0
  m_MasterSlot: {fileID: 8926484042661614714}
  m_MasterData:
    m_Owner: {fileID: 0}
    m_Value:
      m_Type:
        m_SerializableType: 
      m_SerializableObject: 
    m_Space: 2147483647
  m_Property:
    name: z
    m_serializedType:
      m_SerializableType: System.Single, mscorlib, Version=4.0.0.0, Culture=neutral,
        PublicKeyToken=b77a5c561934e089
  m_Direction: 0
  m_LinkedSlots: []
--- !u!114 &8926484042661614719
MonoBehaviour:
  m_ObjectHideFlags: 0
  m_CorrespondingSourceObject: {fileID: 0}
  m_PrefabInstance: {fileID: 0}
  m_PrefabAsset: {fileID: 0}
  m_GameObject: {fileID: 0}
  m_Enabled: 1
  m_EditorHideFlags: 0
  m_Script: {fileID: 11500000, guid: 330e0fca1717dde4aaa144f48232aa64, type: 3}
  m_Name: 
  m_EditorClassIdentifier: 
  m_UIIgnoredErrors: []
  m_Parent: {fileID: 114350483966674976}
  m_Children: []
  m_UIPosition: {x: 0, y: 0}
  m_UICollapsed: 0
  m_UISuperCollapsed: 0
  m_InputSlots: []
  m_OutputSlots:
  - {fileID: 8926484042661614720}
  m_ExposedName: "For\xE7a"
  m_Exposed: 1
  m_Order: 2
  m_Category: 
  m_Min:
    m_Type:
      m_SerializableType: 
    m_SerializableObject: 
  m_Max:
    m_Type:
      m_SerializableType: 
    m_SerializableObject: 
  m_IsOutput: 0
  m_EnumValues: []
  m_ValueFilter: 0
  m_Tooltip: 
  m_Nodes:
  - m_Id: 0
    linkedSlots:
    - outputSlot: {fileID: 8926484042661614720}
      inputSlot: {fileID: 8926484042661614717}
    position: {x: 649.6025, y: 761.5975}
    expandedSlots: []
    expanded: 0
--- !u!114 &8926484042661614720
MonoBehaviour:
  m_ObjectHideFlags: 0
  m_CorrespondingSourceObject: {fileID: 0}
  m_PrefabInstance: {fileID: 0}
  m_PrefabAsset: {fileID: 0}
  m_GameObject: {fileID: 0}
  m_Enabled: 1
  m_EditorHideFlags: 0
  m_Script: {fileID: 11500000, guid: f780aa281814f9842a7c076d436932e7, type: 3}
  m_Name: 
  m_EditorClassIdentifier: 
  m_UIIgnoredErrors: []
  m_Parent: {fileID: 0}
  m_Children: []
  m_UIPosition: {x: 0, y: 0}
  m_UICollapsed: 1
  m_UISuperCollapsed: 0
  m_MasterSlot: {fileID: 8926484042661614720}
  m_MasterData:
    m_Owner: {fileID: 8926484042661614719}
    m_Value:
      m_Type:
        m_SerializableType: System.Single, mscorlib, Version=4.0.0.0, Culture=neutral,
          PublicKeyToken=b77a5c561934e089
      m_SerializableObject: 10
    m_Space: 2147483647
  m_Property:
    name: o
    m_serializedType:
      m_SerializableType: System.Single, mscorlib, Version=4.0.0.0, Culture=neutral,
        PublicKeyToken=b77a5c561934e089
  m_Direction: 1
  m_LinkedSlots:
  - {fileID: 8926484042661614717}
--- !u!114 &8926484042661614730
MonoBehaviour:
  m_ObjectHideFlags: 0
  m_CorrespondingSourceObject: {fileID: 0}
  m_PrefabInstance: {fileID: 0}
  m_PrefabAsset: {fileID: 0}
  m_GameObject: {fileID: 0}
  m_Enabled: 1
  m_EditorHideFlags: 0
  m_Script: {fileID: 11500000, guid: 330e0fca1717dde4aaa144f48232aa64, type: 3}
  m_Name: 
  m_EditorClassIdentifier: 
  m_UIIgnoredErrors: []
  m_Parent: {fileID: 114350483966674976}
  m_Children: []
  m_UIPosition: {x: 0, y: 0}
  m_UICollapsed: 1
  m_UISuperCollapsed: 0
  m_InputSlots: []
  m_OutputSlots:
  - {fileID: 8926484042661614731}
  m_ExposedName: Particulas
  m_Exposed: 1
  m_Order: 3
  m_Category: 
  m_Min:
    m_Type:
      m_SerializableType: 
    m_SerializableObject: 
  m_Max:
    m_Type:
      m_SerializableType: 
    m_SerializableObject: 
  m_IsOutput: 0
  m_EnumValues: []
  m_ValueFilter: 0
  m_Tooltip: 
  m_Nodes:
  - m_Id: 0
    linkedSlots:
    - outputSlot: {fileID: 8926484042661614731}
      inputSlot: {fileID: 8926484042661614557}
    position: {x: 724, y: -378}
    expandedSlots: []
    expanded: 1
--- !u!114 &8926484042661614731
MonoBehaviour:
  m_ObjectHideFlags: 0
  m_CorrespondingSourceObject: {fileID: 0}
  m_PrefabInstance: {fileID: 0}
  m_PrefabAsset: {fileID: 0}
  m_GameObject: {fileID: 0}
  m_Enabled: 1
  m_EditorHideFlags: 0
  m_Script: {fileID: 11500000, guid: 4d246e354feb93041a837a9ef59437cb, type: 3}
  m_Name: 
  m_EditorClassIdentifier: 
  m_UIIgnoredErrors: []
  m_Parent: {fileID: 0}
  m_Children: []
  m_UIPosition: {x: 0, y: 0}
  m_UICollapsed: 1
  m_UISuperCollapsed: 0
  m_MasterSlot: {fileID: 8926484042661614731}
  m_MasterData:
    m_Owner: {fileID: 8926484042661614730}
    m_Value:
      m_Type:
        m_SerializableType: System.Int32, mscorlib, Version=4.0.0.0, Culture=neutral,
          PublicKeyToken=b77a5c561934e089
      m_SerializableObject: 400
    m_Space: 2147483647
  m_Property:
    name: o
    m_serializedType:
      m_SerializableType: System.Int32, mscorlib, Version=4.0.0.0, Culture=neutral,
        PublicKeyToken=b77a5c561934e089
  m_Direction: 1
  m_LinkedSlots:
  - {fileID: 8926484042661614557}
--- !u!114 &8926484042661614732
MonoBehaviour:
  m_ObjectHideFlags: 0
  m_CorrespondingSourceObject: {fileID: 0}
  m_PrefabInstance: {fileID: 0}
  m_PrefabAsset: {fileID: 0}
  m_GameObject: {fileID: 0}
  m_Enabled: 1
  m_EditorHideFlags: 0
  m_Script: {fileID: 11500000, guid: 01ec2c1930009b04ea08905b47262415, type: 3}
  m_Name: 
  m_EditorClassIdentifier: 
  m_UIIgnoredErrors: []
  m_Parent: {fileID: 8926484042661614583}
  m_Children: []
  m_UIPosition: {x: 0, y: 0}
  m_UICollapsed: 0
  m_UISuperCollapsed: 0
  m_InputSlots:
  - {fileID: 8926484042661614733}
  m_OutputSlots: []
  m_Disabled: 0
  attribute: size
  Composition: 0
  AlphaComposition: 0
  SampleMode: 0
  Mode: 1
  ColorMode: 3
  channels: 6
--- !u!114 &8926484042661614733
MonoBehaviour:
  m_ObjectHideFlags: 0
  m_CorrespondingSourceObject: {fileID: 0}
  m_PrefabInstance: {fileID: 0}
  m_PrefabAsset: {fileID: 0}
  m_GameObject: {fileID: 0}
  m_Enabled: 1
  m_EditorHideFlags: 0
  m_Script: {fileID: 11500000, guid: c117b74c5c58db542bffe25c78fe92db, type: 3}
  m_Name: 
  m_EditorClassIdentifier: 
  m_UIIgnoredErrors: []
  m_Parent: {fileID: 0}
  m_Children: []
  m_UIPosition: {x: 0, y: 0}
  m_UICollapsed: 1
  m_UISuperCollapsed: 0
  m_MasterSlot: {fileID: 8926484042661614733}
  m_MasterData:
    m_Owner: {fileID: 8926484042661614732}
    m_Value:
      m_Type:
        m_SerializableType: UnityEngine.AnimationCurve, UnityEngine.CoreModule, Version=0.0.0.0,
          Culture=neutral, PublicKeyToken=null
      m_SerializableObject: '{"frames":[{"time":0.00731658935546875,"value":0.245269775390625,"inTangent":0.09460187703371048,"outTangent":0.09460187703371048,"tangentMode":0,"leftTangentMode":1,"rightTangentMode":1,"broken":false},{"time":0.3726004362106323,"value":0.2798263132572174,"inTangent":0.23716214299201966,"outTangent":0.23716214299201966,"tangentMode":0,"leftTangentMode":1,"rightTangentMode":1,"broken":false},{"time":0.6915813684463501,"value":0.40095052123069765,"inTangent":0.6236952543258667,"outTangent":0.6236952543258667,"tangentMode":0,"leftTangentMode":0,"rightTangentMode":0,"broken":false}],"preWrapMode":8,"postWrapMode":8,"version":1}'
    m_Space: 2147483647
  m_Property:
    name: Size
    m_serializedType:
      m_SerializableType: UnityEngine.AnimationCurve, UnityEngine.CoreModule, Version=0.0.0.0,
        Culture=neutral, PublicKeyToken=null
  m_Direction: 0
  m_LinkedSlots: []
--- !u!114 &8926484042661614776
MonoBehaviour:
  m_ObjectHideFlags: 0
  m_CorrespondingSourceObject: {fileID: 0}
  m_PrefabInstance: {fileID: 0}
  m_PrefabAsset: {fileID: 0}
  m_GameObject: {fileID: 0}
  m_Enabled: 1
  m_EditorHideFlags: 0
  m_Script: {fileID: 11500000, guid: 76f778ff57c4e8145b9681fe3268d8e9, type: 3}
  m_Name: 
  m_EditorClassIdentifier: 
  m_UIIgnoredErrors: []
  m_Parent: {fileID: 0}
  m_Children: []
  m_UIPosition: {x: 0, y: 0}
  m_UICollapsed: 1
  m_UISuperCollapsed: 0
  m_MasterSlot: {fileID: 8926484042661614776}
  m_MasterData:
    m_Owner: {fileID: 8926484042661614585}
    m_Value:
      m_Type:
        m_SerializableType: UnityEngine.Gradient, UnityEngine.CoreModule, Version=0.0.0.0,
          Culture=neutral, PublicKeyToken=null
      m_SerializableObject: '{"colorKeys":[{"color":{"r":0.0,"g":0.0,"b":0.0,"a":1.0},"time":0.0},{"color":{"r":0.8235294222831726,"g":0.7411764860153198,"b":0.7411764860153198,"a":1.0},"time":1.0}],"alphaKeys":[{"alpha":0.0,"time":0.0},{"alpha":1.0,"time":1.0}],"gradientMode":0}'
    m_Space: 2147483647
  m_Property:
    name: gradient
    m_serializedType:
      m_SerializableType: UnityEngine.Gradient, UnityEngine.CoreModule, Version=0.0.0.0,
        Culture=neutral, PublicKeyToken=null
  m_Direction: 0
  m_LinkedSlots: []
--- !u!114 &8926484042661614777
MonoBehaviour:
  m_ObjectHideFlags: 0
  m_CorrespondingSourceObject: {fileID: 0}
  m_PrefabInstance: {fileID: 0}
  m_PrefabAsset: {fileID: 0}
  m_GameObject: {fileID: 0}
  m_Enabled: 1
  m_EditorHideFlags: 0
  m_Script: {fileID: 11500000, guid: b294673e879f9cf449cc9de536818ea9, type: 3}
  m_Name: 
  m_EditorClassIdentifier: 
  m_UIIgnoredErrors: []
  m_Parent: {fileID: 8926484042661614583}
  m_Children: []
  m_UIPosition: {x: 0, y: 0}
  m_UICollapsed: 0
  m_UISuperCollapsed: 0
  m_InputSlots:
  - {fileID: 8926484042661614778}
  m_OutputSlots: []
  m_Disabled: 0
  UseParticleSize: 0
--- !u!114 &8926484042661614778
MonoBehaviour:
  m_ObjectHideFlags: 0
  m_CorrespondingSourceObject: {fileID: 0}
  m_PrefabInstance: {fileID: 0}
  m_PrefabAsset: {fileID: 0}
  m_GameObject: {fileID: 0}
  m_Enabled: 1
  m_EditorHideFlags: 0
  m_Script: {fileID: 11500000, guid: f780aa281814f9842a7c076d436932e7, type: 3}
  m_Name: 
  m_EditorClassIdentifier: 
  m_UIIgnoredErrors: []
  m_Parent: {fileID: 0}
  m_Children: []
  m_UIPosition: {x: 0, y: 0}
  m_UICollapsed: 1
  m_UISuperCollapsed: 0
  m_MasterSlot: {fileID: 8926484042661614778}
  m_MasterData:
    m_Owner: {fileID: 8926484042661614777}
    m_Value:
      m_Type:
        m_SerializableType: System.Single, mscorlib, Version=4.0.0.0, Culture=neutral,
          PublicKeyToken=b77a5c561934e089
      m_SerializableObject: 14
    m_Space: 2147483647
  m_Property:
    name: dragCoefficient
    m_serializedType:
      m_SerializableType: System.Single, mscorlib, Version=4.0.0.0, Culture=neutral,
        PublicKeyToken=b77a5c561934e089
  m_Direction: 0
  m_LinkedSlots: []
