%YAML 1.1
%TAG !u! tag:unity3d.com,2011:
--- !u!114 &-9161802529823388284
MonoBehaviour:
  m_ObjectHideFlags: 0
  m_CorrespondingSourceObject: {fileID: 0}
  m_PrefabInstance: {fileID: 0}
  m_PrefabAsset: {fileID: 0}
  m_GameObject: {fileID: 0}
  m_Enabled: 1
  m_EditorHideFlags: 0
  m_Script: {fileID: 11500000, guid: ceb653cd98e289a4e8697a1af55201f2, type: 3}
  m_Name: event:/SFX/sfx_game_cure
  m_EditorClassIdentifier: 
  Path: event:/SFX/sfx_game_cure
  guid: 1482f327858f894abd2a854bc1752714
  Banks:
  - {fileID: 2529220309467109411}
  IsStream: 0
  Is3D: 1
  IsOneShot: 1
  Parameters: []
  MinDistance: 8
  MaxDistance: 30
  Length: 1000
--- !u!114 &-8999072574491311686
MonoBehaviour:
  m_ObjectHideFlags: 0
  m_CorrespondingSourceObject: {fileID: 0}
  m_PrefabInstance: {fileID: 0}
  m_PrefabAsset: {fileID: 0}
  m_GameObject: {fileID: 0}
  m_Enabled: 1
  m_EditorHideFlags: 0
  m_Script: {fileID: 11500000, guid: fecb8ef7f94ca804a8ab72049b86782e, type: 3}
  m_Name: parameter:/music_game_level/music_condition
  m_EditorClassIdentifier: 
  Name: music_condition
  Min: 0
  Max: 3
  Default: 0
  ID:
    data1: 0
    data2: 0
  Type: 0
  IsGlobal: 0
  Exists: 1
--- !u!114 &-8403598233604826289
MonoBehaviour:
  m_ObjectHideFlags: 0
  m_CorrespondingSourceObject: {fileID: 0}
  m_PrefabInstance: {fileID: 0}
  m_PrefabAsset: {fileID: 0}
  m_GameObject: {fileID: 0}
  m_Enabled: 1
  m_EditorHideFlags: 0
  m_Script: {fileID: 11500000, guid: ceb653cd98e289a4e8697a1af55201f2, type: 3}
  m_Name: event:/SFX/sfx_ui_button_hover
  m_EditorClassIdentifier: 
  Path: event:/SFX/sfx_ui_button_hover
  guid: 434fe6ae005dcd4b85139897efe89fc0
  Banks:
  - {fileID: 2529220309467109411}
  IsStream: 0
  Is3D: 0
  IsOneShot: 1
  Parameters: []
  MinDistance: 0
  MaxDistance: 0
  Length: 115
--- !u!114 &-8088398048000669029
MonoBehaviour:
  m_ObjectHideFlags: 0
  m_CorrespondingSourceObject: {fileID: 0}
  m_PrefabInstance: {fileID: 0}
  m_PrefabAsset: {fileID: 0}
  m_GameObject: {fileID: 0}
  m_Enabled: 1
  m_EditorHideFlags: 0
  m_Script: {fileID: 11500000, guid: ceb653cd98e289a4e8697a1af55201f2, type: 3}
  m_Name: event:/SFX/sfx_ui_button_selection
  m_EditorClassIdentifier: 
  Path: event:/SFX/sfx_ui_button_selection
  guid: 05e713097a2f9e43ae6f0dcd33e5128f
  Banks:
  - {fileID: 2529220309467109411}
  IsStream: 0
  Is3D: 0
  IsOneShot: 1
  Parameters: []
  MinDistance: 0
  MaxDistance: 0
  Length: 918
--- !u!114 &-7672752995092898889
MonoBehaviour:
  m_ObjectHideFlags: 0
  m_CorrespondingSourceObject: {fileID: 0}
  m_PrefabInstance: {fileID: 0}
  m_PrefabAsset: {fileID: 0}
  m_GameObject: {fileID: 0}
  m_Enabled: 1
  m_EditorHideFlags: 0
  m_Script: {fileID: 11500000, guid: fecb8ef7f94ca804a8ab72049b86782e, type: 3}
  m_Name: parameter:/music_game_level/music_condition
  m_EditorClassIdentifier: 
  Name: music_condition
  Min: 0
  Max: 4
  Default: 0
  ID:
    data1: 0
    data2: 0
  Type: 0
  IsGlobal: 0
  Exists: 0
--- !u!114 &-7651751545084436078
MonoBehaviour:
  m_ObjectHideFlags: 0
  m_CorrespondingSourceObject: {fileID: 0}
  m_PrefabInstance: {fileID: 0}
  m_PrefabAsset: {fileID: 0}
  m_GameObject: {fileID: 0}
  m_Enabled: 1
  m_EditorHideFlags: 0
  m_Script: {fileID: 11500000, guid: ceb653cd98e289a4e8697a1af55201f2, type: 3}
  m_Name: event:/SFX/sfx_game_drone
  m_EditorClassIdentifier: 
  Path: event:/SFX/sfx_game_drone
  guid: ea46f1af4ca0fe4886c28889827fec98
  Banks:
  - {fileID: 2529220309467109411}
  IsStream: 0
  Is3D: 1
  IsOneShot: 0
  Parameters: []
  MinDistance: 1
  MaxDistance: 20
  Length: 2769
--- !u!114 &-6825396792301377741
MonoBehaviour:
  m_ObjectHideFlags: 0
  m_CorrespondingSourceObject: {fileID: 0}
  m_PrefabInstance: {fileID: 0}
  m_PrefabAsset: {fileID: 0}
  m_GameObject: {fileID: 0}
  m_Enabled: 1
  m_EditorHideFlags: 0
  m_Script: {fileID: 11500000, guid: ceb653cd98e289a4e8697a1af55201f2, type: 3}
  m_Name: event:/Music/music_main_menu
  m_EditorClassIdentifier: 
  Path: event:/Music/music_main_menu
  guid: de262026e57e9b42ac388dba73d59624
  Banks:
  - {fileID: 2529220309467109411}
  IsStream: 1
  Is3D: 0
  IsOneShot: 0
  Parameters: []
  MinDistance: 0
  MaxDistance: 0
  Length: 34420
--- !u!114 &-5972454164698167053
MonoBehaviour:
  m_ObjectHideFlags: 0
  m_CorrespondingSourceObject: {fileID: 0}
  m_PrefabInstance: {fileID: 0}
  m_PrefabAsset: {fileID: 0}
  m_GameObject: {fileID: 0}
  m_Enabled: 1
  m_EditorHideFlags: 0
  m_Script: {fileID: 11500000, guid: ceb653cd98e289a4e8697a1af55201f2, type: 3}
  m_Name: event:/SFX/sfx_game_ball_roll
  m_EditorClassIdentifier: 
  Path: event:/SFX/sfx_game_ball_roll
  guid: 427dc4fd29bd5242aee0e4074301edd1
  Banks:
  - {fileID: 2529220309467109411}
  IsStream: 0
  Is3D: 0
  IsOneShot: 0
  Parameters: []
  MinDistance: 0
  MaxDistance: 0
  Length: 5307
--- !u!114 &-5717417595143348723
MonoBehaviour:
  m_ObjectHideFlags: 0
  m_CorrespondingSourceObject: {fileID: 0}
  m_PrefabInstance: {fileID: 0}
  m_PrefabAsset: {fileID: 0}
  m_GameObject: {fileID: 0}
  m_Enabled: 1
  m_EditorHideFlags: 0
  m_Script: {fileID: 11500000, guid: fecb8ef7f94ca804a8ab72049b86782e, type: 3}
  m_Name: parameter:/music_game_level/music_condition
  m_EditorClassIdentifier: 
  Name: music_condition
  Min: 0
  Max: 4
  Default: 0
  ID:
    data1: 0
    data2: 0
  Type: 0
  IsGlobal: 0
  Exists: 0
--- !u!114 &-5578201406942738149
MonoBehaviour:
  m_ObjectHideFlags: 0
  m_CorrespondingSourceObject: {fileID: 0}
  m_PrefabInstance: {fileID: 0}
  m_PrefabAsset: {fileID: 0}
  m_GameObject: {fileID: 0}
  m_Enabled: 1
  m_EditorHideFlags: 0
  m_Script: {fileID: 11500000, guid: ceb653cd98e289a4e8697a1af55201f2, type: 3}
  m_Name: event:/SFX/sfx_game_tank_moving
  m_EditorClassIdentifier: 
  Path: event:/SFX/sfx_game_tank_moving
  guid: 757d27eb05c3164aad4d3bcac1db219c
  Banks:
  - {fileID: 2529220309467109411}
  IsStream: 0
  Is3D: 1
  IsOneShot: 0
  Parameters: []
  MinDistance: 1
  MaxDistance: 20
  Length: 3600
--- !u!114 &-4488871412283822257
MonoBehaviour:
  m_ObjectHideFlags: 0
  m_CorrespondingSourceObject: {fileID: 0}
  m_PrefabInstance: {fileID: 0}
  m_PrefabAsset: {fileID: 0}
  m_GameObject: {fileID: 0}
  m_Enabled: 1
  m_EditorHideFlags: 0
  m_Script: {fileID: 11500000, guid: ceb653cd98e289a4e8697a1af55201f2, type: 3}
  m_Name: event:/musicaLevel
  m_EditorClassIdentifier: 
  Path: event:/musicaLevel
  guid: 36918bbb280434428d6c87f60c623114
  Banks:
  - {fileID: 6973967615363227121}
  IsStream: 1
  Is3D: 0
  IsOneShot: 0
  Parameters: []
  MinDistance: 0
  MaxDistance: 0
  Length: 96000
--- !u!114 &-4362591528083096527
MonoBehaviour:
  m_ObjectHideFlags: 0
  m_CorrespondingSourceObject: {fileID: 0}
  m_PrefabInstance: {fileID: 0}
  m_PrefabAsset: {fileID: 0}
  m_GameObject: {fileID: 0}
  m_Enabled: 1
  m_EditorHideFlags: 0
  m_Script: {fileID: 11500000, guid: ceb653cd98e289a4e8697a1af55201f2, type: 3}
  m_Name: event:/SFX/sfx_tank_shoot
  m_EditorClassIdentifier: 
  Path: event:/SFX/sfx_tank_shoot
  guid: 597d9d5941a68c45a6558d99a07cf5fd
  Banks:
  - {fileID: 2529220309467109411}
  IsStream: 0
  Is3D: 1
  IsOneShot: 1
  Parameters: []
  MinDistance: 9
  MaxDistance: 55
  Length: 1483
--- !u!114 &-3082312121182760086
MonoBehaviour:
  m_ObjectHideFlags: 0
  m_CorrespondingSourceObject: {fileID: 0}
  m_PrefabInstance: {fileID: 0}
  m_PrefabAsset: {fileID: 0}
  m_GameObject: {fileID: 0}
  m_Enabled: 1
  m_EditorHideFlags: 0
  m_Script: {fileID: 11500000, guid: ceb653cd98e289a4e8697a1af55201f2, type: 3}
  m_Name: event:/SFX/sfx_game_robot_standing
  m_EditorClassIdentifier: 
  Path: event:/SFX/sfx_game_robot_standing
  guid: 19c05e47b800b34eb62e9cdbb01b4d35
  Banks:
  - {fileID: 2529220309467109411}
  IsStream: 0
  Is3D: 0
  IsOneShot: 1
  Parameters: []
  MinDistance: 0
  MaxDistance: 0
  Length: 1269
--- !u!114 &-1062899292908201003
MonoBehaviour:
  m_ObjectHideFlags: 0
  m_CorrespondingSourceObject: {fileID: 0}
  m_PrefabInstance: {fileID: 0}
  m_PrefabAsset: {fileID: 0}
  m_GameObject: {fileID: 0}
  m_Enabled: 1
  m_EditorHideFlags: 0
  m_Script: {fileID: 11500000, guid: ceb653cd98e289a4e8697a1af55201f2, type: 3}
  m_Name: event:/SFX/sfx_game_drone
  m_EditorClassIdentifier: 
  Path: event:/SFX/sfx_game_drone
  guid: ea46f1af4ca0fe4886c28889827fec98
  Banks:
  - {fileID: 2529220309467109411}
  IsStream: 0
  Is3D: 1
  IsOneShot: 0
  Parameters: []
  MinDistance: 1
  MaxDistance: 20
  Length: 2769
--- !u!114 &-619886771756236465
MonoBehaviour:
  m_ObjectHideFlags: 0
  m_CorrespondingSourceObject: {fileID: 0}
  m_PrefabInstance: {fileID: 0}
  m_PrefabAsset: {fileID: 0}
  m_GameObject: {fileID: 0}
  m_Enabled: 1
  m_EditorHideFlags: 0
  m_Script: {fileID: 11500000, guid: c18180ecb35941f4682ae60107b85b7c, type: 3}
  m_Name: bank:/Master.strings.bank
  m_EditorClassIdentifier: 
  Path: Assets/FMOD Project/Brackeys_FMOD/Build/Desktop/Master.strings.bank
  Name: Master.strings
  StudioPath: bank:/Master.strings
  lastModified: 637653658843442410
  FileSizes:
  - Name: Desktop
    Value: 796
  Exists: 1
--- !u!114 &-354510439741505387
MonoBehaviour:
  m_ObjectHideFlags: 0
  m_CorrespondingSourceObject: {fileID: 0}
  m_PrefabInstance: {fileID: 0}
  m_PrefabAsset: {fileID: 0}
  m_GameObject: {fileID: 0}
  m_Enabled: 1
  m_EditorHideFlags: 0
  m_Script: {fileID: 11500000, guid: ceb653cd98e289a4e8697a1af55201f2, type: 3}
  m_Name: event:/SFX/sfx_tank_shoot
  m_EditorClassIdentifier: 
  Path: event:/SFX/sfx_tank_shoot
  guid: 597d9d5941a68c45a6558d99a07cf5fd
  Banks:
  - {fileID: 2529220309467109411}
  IsStream: 0
  Is3D: 1
  IsOneShot: 1
  Parameters: []
  MinDistance: 9
  MaxDistance: 55
  Length: 1483
--- !u!114 &11400000
MonoBehaviour:
  m_ObjectHideFlags: 0
  m_CorrespondingSourceObject: {fileID: 0}
  m_PrefabInstance: {fileID: 0}
  m_PrefabAsset: {fileID: 0}
  m_GameObject: {fileID: 0}
  m_Enabled: 1
  m_EditorHideFlags: 0
  m_Script: {fileID: 11500000, guid: d32cf7c32a3ed8347bac48ef5ed56d82, type: 3}
  m_Name: FMODStudioCache
  m_EditorClassIdentifier: 
  EditorBanks:
  - {fileID: 7397098458517507083}
  - {fileID: 2529220309467109411}
  EditorEvents:
  - {fileID: -8088398048000669029}
  - {fileID: -8403598233604826289}
  - {fileID: 6625054822865814463}
  - {fileID: 461107707842509816}
  - {fileID: 1448829220152679011}
  - {fileID: -6825396792301377741}
  - {fileID: -9161802529823388284}
  - {fileID: 7581394221743583480}
  - {fileID: -5972454164698167053}
  - {fileID: 2331725504814596655}
  - {fileID: -354510439741505387}
  - {fileID: 2639123660304735822}
  - {fileID: 3361548967753851527}
  - {fileID: -7651751545084436078}
  EditorParameters: []
  MasterBanks:
  - {fileID: 2529220309467109411}
  StringsBanks:
  - {fileID: 7397098458517507083}
  stringsBankWriteTime: 637658000186099616
  cacheVersion: 8
--- !u!114 &461107707842509816
MonoBehaviour:
  m_ObjectHideFlags: 0
  m_CorrespondingSourceObject: {fileID: 0}
  m_PrefabInstance: {fileID: 0}
  m_PrefabAsset: {fileID: 0}
  m_GameObject: {fileID: 0}
  m_Enabled: 1
  m_EditorHideFlags: 0
  m_Script: {fileID: 11500000, guid: ceb653cd98e289a4e8697a1af55201f2, type: 3}
  m_Name: event:/SFX/sfx_game_explosion
  m_EditorClassIdentifier: 
  Path: event:/SFX/sfx_game_explosion
  guid: 13f2b49114436a47bdeef4317c4b4213
  Banks:
  - {fileID: 2529220309467109411}
  IsStream: 0
  Is3D: 0
  IsOneShot: 1
  Parameters: []
  MinDistance: 0
  MaxDistance: 0
  Length: 404
--- !u!114 &1448829220152679011
MonoBehaviour:
  m_ObjectHideFlags: 0
  m_CorrespondingSourceObject: {fileID: 0}
  m_PrefabInstance: {fileID: 0}
  m_PrefabAsset: {fileID: 0}
  m_GameObject: {fileID: 0}
  m_Enabled: 1
  m_EditorHideFlags: 0
  m_Script: {fileID: 11500000, guid: ceb653cd98e289a4e8697a1af55201f2, type: 3}
  m_Name: event:/Music/music_game_level
  m_EditorClassIdentifier: 
  Path: event:/Music/music_game_level
  guid: d11414c7e3c95b4d8a754c55daad7415
  Banks:
  - {fileID: 2529220309467109411}
  IsStream: 1
  Is3D: 0
  IsOneShot: 0
  Parameters:
  - {fileID: 6757514850708824772}
  MinDistance: 0
  MaxDistance: 0
  Length: 51300
--- !u!114 &2331725504814596655
MonoBehaviour:
  m_ObjectHideFlags: 0
  m_CorrespondingSourceObject: {fileID: 0}
  m_PrefabInstance: {fileID: 0}
  m_PrefabAsset: {fileID: 0}
  m_GameObject: {fileID: 0}
  m_Enabled: 1
  m_EditorHideFlags: 0
  m_Script: {fileID: 11500000, guid: ceb653cd98e289a4e8697a1af55201f2, type: 3}
  m_Name: event:/SFX/sfx_game_ambulance
  m_EditorClassIdentifier: 
  Path: event:/SFX/sfx_game_ambulance
  guid: 570a8e10da0f574c87bd6b3f3b634fff
  Banks:
  - {fileID: 2529220309467109411}
  IsStream: 0
  Is3D: 1
  IsOneShot: 0
  Parameters: []
  MinDistance: 1
  MaxDistance: 20
  Length: 9230
--- !u!114 &2529220309467109411
MonoBehaviour:
  m_ObjectHideFlags: 0
  m_CorrespondingSourceObject: {fileID: 0}
  m_PrefabInstance: {fileID: 0}
  m_PrefabAsset: {fileID: 0}
  m_GameObject: {fileID: 0}
  m_Enabled: 1
  m_EditorHideFlags: 0
  m_Script: {fileID: 11500000, guid: c18180ecb35941f4682ae60107b85b7c, type: 3}
  m_Name: bank:/Master.bank
  m_EditorClassIdentifier: 
  Path: Assets/FMOD Project/brackeys-game-jam/Build/Desktop/Master.bank
  Name: Master
  StudioPath: bank:/Master
  lastModified: 637658076366790739
  FileSizes:
  - Name: Desktop
    Value: 2157696
  Exists: 1
--- !u!114 &2639123660304735822
MonoBehaviour:
  m_ObjectHideFlags: 0
  m_CorrespondingSourceObject: {fileID: 0}
  m_PrefabInstance: {fileID: 0}
  m_PrefabAsset: {fileID: 0}
  m_GameObject: {fileID: 0}
  m_Enabled: 1
  m_EditorHideFlags: 0
  m_Script: {fileID: 11500000, guid: ceb653cd98e289a4e8697a1af55201f2, type: 3}
  m_Name: event:/SFX/sfx_game_tank_moving
  m_EditorClassIdentifier: 
  Path: event:/SFX/sfx_game_tank_moving
  guid: 757d27eb05c3164aad4d3bcac1db219c
  Banks:
  - {fileID: 2529220309467109411}
  IsStream: 0
  Is3D: 1
  IsOneShot: 0
  Parameters: []
  MinDistance: 1
  MaxDistance: 20
  Length: 3600
--- !u!114 &3361548967753851527
MonoBehaviour:
  m_ObjectHideFlags: 0
  m_CorrespondingSourceObject: {fileID: 0}
  m_PrefabInstance: {fileID: 0}
  m_PrefabAsset: {fileID: 0}
  m_GameObject: {fileID: 0}
  m_Enabled: 1
  m_EditorHideFlags: 0
  m_Script: {fileID: 11500000, guid: ceb653cd98e289a4e8697a1af55201f2, type: 3}
  m_Name: event:/SFX/sfx_game_build_explosion
  m_EditorClassIdentifier: 
  Path: event:/SFX/sfx_game_build_explosion
  guid: b809be1b1b91d845b87a2e4dc183d31f
  Banks:
  - {fileID: 2529220309467109411}
  IsStream: 0
  Is3D: 1
  IsOneShot: 1
  Parameters: []
  MinDistance: 6.8
  MaxDistance: 50
  Length: 2769
--- !u!114 &4645733683166243904
MonoBehaviour:
  m_ObjectHideFlags: 0
  m_CorrespondingSourceObject: {fileID: 0}
  m_PrefabInstance: {fileID: 0}
  m_PrefabAsset: {fileID: 0}
  m_GameObject: {fileID: 0}
  m_Enabled: 1
  m_EditorHideFlags: 0
  m_Script: {fileID: 11500000, guid: ceb653cd98e289a4e8697a1af55201f2, type: 3}
  m_Name: event:/SFX/sfx_game_ambulance
  m_EditorClassIdentifier: 
  Path: event:/SFX/sfx_game_ambulance
  guid: 570a8e10da0f574c87bd6b3f3b634fff
  Banks:
  - {fileID: 2529220309467109411}
  IsStream: 0
  Is3D: 1
  IsOneShot: 0
  Parameters: []
  MinDistance: 1
  MaxDistance: 20
  Length: 9230
--- !u!114 &4795445242259730894
MonoBehaviour:
  m_ObjectHideFlags: 0
  m_CorrespondingSourceObject: {fileID: 0}
  m_PrefabInstance: {fileID: 0}
  m_PrefabAsset: {fileID: 0}
  m_GameObject: {fileID: 0}
  m_Enabled: 1
  m_EditorHideFlags: 0
  m_Script: {fileID: 11500000, guid: ceb653cd98e289a4e8697a1af55201f2, type: 3}
  m_Name: event:/SFX/sfx_game_cure
  m_EditorClassIdentifier: 
  Path: event:/SFX/sfx_game_cure
  guid: 1482f327858f894abd2a854bc1752714
  Banks:
  - {fileID: 2529220309467109411}
  IsStream: 0
  Is3D: 1
  IsOneShot: 1
  Parameters: []
  MinDistance: 8
  MaxDistance: 30
  Length: 1000
--- !u!114 &5022260860677129992
MonoBehaviour:
  m_ObjectHideFlags: 0
  m_CorrespondingSourceObject: {fileID: 0}
  m_PrefabInstance: {fileID: 0}
  m_PrefabAsset: {fileID: 0}
  m_GameObject: {fileID: 0}
  m_Enabled: 1
  m_EditorHideFlags: 0
  m_Script: {fileID: 11500000, guid: fecb8ef7f94ca804a8ab72049b86782e, type: 3}
  m_Name: parameter:/music_game_level/music_condition
  m_EditorClassIdentifier: 
  Name: music_condition
  Min: 0
  Max: 4
  Default: 0
  ID:
    data1: 0
    data2: 0
  Type: 0
  IsGlobal: 0
  Exists: 0
--- !u!114 &6266923234724732644
MonoBehaviour:
  m_ObjectHideFlags: 0
  m_CorrespondingSourceObject: {fileID: 0}
  m_PrefabInstance: {fileID: 0}
  m_PrefabAsset: {fileID: 0}
  m_GameObject: {fileID: 0}
  m_Enabled: 1
  m_EditorHideFlags: 0
  m_Script: {fileID: 11500000, guid: ceb653cd98e289a4e8697a1af55201f2, type: 3}
  m_Name: event:/Fire
  m_EditorClassIdentifier: 
  Path: event:/Fire
  guid: 43d5d3e5a575094da30b18bf51adff03
  Banks:
  - {fileID: 6973967615363227121}
  IsStream: 0
  Is3D: 0
  IsOneShot: 1
  Parameters: []
  MinDistance: 0
  MaxDistance: 0
  Length: 600
--- !u!114 &6625054822865814463
MonoBehaviour:
  m_ObjectHideFlags: 0
  m_CorrespondingSourceObject: {fileID: 0}
  m_PrefabInstance: {fileID: 0}
  m_PrefabAsset: {fileID: 0}
  m_GameObject: {fileID: 0}
  m_Enabled: 1
  m_EditorHideFlags: 0
  m_Script: {fileID: 11500000, guid: ceb653cd98e289a4e8697a1af55201f2, type: 3}
  m_Name: event:/SFX/sfx_game_shoot
  m_EditorClassIdentifier: 
  Path: event:/SFX/sfx_game_shoot
  guid: f36369dffb213a47b58a7c36170e9cc5
  Banks:
  - {fileID: 2529220309467109411}
  IsStream: 0
  Is3D: 0
  IsOneShot: 1
  Parameters: []
  MinDistance: 0
  MaxDistance: 0
  Length: 642
--- !u!114 &6757514850708824772
MonoBehaviour:
  m_ObjectHideFlags: 0
  m_CorrespondingSourceObject: {fileID: 0}
  m_PrefabInstance: {fileID: 0}
  m_PrefabAsset: {fileID: 0}
  m_GameObject: {fileID: 0}
  m_Enabled: 1
  m_EditorHideFlags: 0
  m_Script: {fileID: 11500000, guid: fecb8ef7f94ca804a8ab72049b86782e, type: 3}
  m_Name: parameter:/music_game_level/music_condition
  m_EditorClassIdentifier: 
  Name: music_condition
  Min: 0
  Max: 4
  Default: 0
  ID:
    data1: 0
    data2: 0
  Type: 0
  IsGlobal: 0
  Exists: 1
--- !u!114 &6819724002496053518
MonoBehaviour:
  m_ObjectHideFlags: 0
  m_CorrespondingSourceObject: {fileID: 0}
  m_PrefabInstance: {fileID: 0}
  m_PrefabAsset: {fileID: 0}
  m_GameObject: {fileID: 0}
  m_Enabled: 1
  m_EditorHideFlags: 0
  m_Script: {fileID: 11500000, guid: ceb653cd98e289a4e8697a1af55201f2, type: 3}
  m_Name: event:/SFX/sfx_game_ball_roll
  m_EditorClassIdentifier: 
  Path: event:/SFX/sfx_game_ball_roll
  guid: 427dc4fd29bd5242aee0e4074301edd1
  Banks:
  - {fileID: 2529220309467109411}
  IsStream: 0
  Is3D: 0
  IsOneShot: 0
  Parameters: []
  MinDistance: 0
  MaxDistance: 0
  Length: 5307
--- !u!114 &6973967615363227121
MonoBehaviour:
  m_ObjectHideFlags: 0
  m_CorrespondingSourceObject: {fileID: 0}
  m_PrefabInstance: {fileID: 0}
  m_PrefabAsset: {fileID: 0}
  m_GameObject: {fileID: 0}
  m_Enabled: 1
  m_EditorHideFlags: 0
  m_Script: {fileID: 11500000, guid: c18180ecb35941f4682ae60107b85b7c, type: 3}
  m_Name: bank:/Master.bank
  m_EditorClassIdentifier: 
  Path: Assets/FMOD Project/Brackeys_FMOD/Build/Desktop/Master.bank
  Name: Master
  StudioPath: bank:/Master
  lastModified: 637653658843180800
  FileSizes:
  - Name: Desktop
    Value: 1503392
  Exists: 1
--- !u!114 &7397098458517507083
MonoBehaviour:
  m_ObjectHideFlags: 0
  m_CorrespondingSourceObject: {fileID: 0}
  m_PrefabInstance: {fileID: 0}
  m_PrefabAsset: {fileID: 0}
  m_GameObject: {fileID: 0}
  m_Enabled: 1
  m_EditorHideFlags: 0
  m_Script: {fileID: 11500000, guid: c18180ecb35941f4682ae60107b85b7c, type: 3}
  m_Name: bank:/Master.strings.bank
  m_EditorClassIdentifier: 
  Path: Assets/FMOD Project/brackeys-game-jam/Build/Desktop/Master.strings.bank
  Name: Master.strings
  StudioPath: bank:/Master.strings
  lastModified: 637658000186099616
  FileSizes:
  - Name: Desktop
    Value: 1584
  Exists: 1
--- !u!114 &7454764814924710958
MonoBehaviour:
  m_ObjectHideFlags: 0
  m_CorrespondingSourceObject: {fileID: 0}
  m_PrefabInstance: {fileID: 0}
  m_PrefabAsset: {fileID: 0}
  m_GameObject: {fileID: 0}
  m_Enabled: 1
  m_EditorHideFlags: 0
  m_Script: {fileID: 11500000, guid: ceb653cd98e289a4e8697a1af55201f2, type: 3}
  m_Name: event:/SFX/sfx_game_build_explosion
  m_EditorClassIdentifier: 
  Path: event:/SFX/sfx_game_build_explosion
  guid: b809be1b1b91d845b87a2e4dc183d31f
  Banks:
  - {fileID: 2529220309467109411}
  IsStream: 0
  Is3D: 1
  IsOneShot: 1
  Parameters: []
  MinDistance: 6.8
  MaxDistance: 50
  Length: 2769
--- !u!114 &7581394221743583480
MonoBehaviour:
  m_ObjectHideFlags: 0
  m_CorrespondingSourceObject: {fileID: 0}
  m_PrefabInstance: {fileID: 0}
  m_PrefabAsset: {fileID: 0}
  m_GameObject: {fileID: 0}
  m_Enabled: 1
  m_EditorHideFlags: 0
  m_Script: {fileID: 11500000, guid: ceb653cd98e289a4e8697a1af55201f2, type: 3}
  m_Name: event:/SFX/sfx_game_robot_standing
  m_EditorClassIdentifier: 
  Path: event:/SFX/sfx_game_robot_standing
  guid: 19c05e47b800b34eb62e9cdbb01b4d35
  Banks:
  - {fileID: 2529220309467109411}
  IsStream: 0
  Is3D: 0
  IsOneShot: 1
  Parameters: []
  MinDistance: 0
  MaxDistance: 0
  Length: 1269
